%YAML 1.1
%TAG !u! tag:unity3d.com,2011:
--- !u!29 &1
OcclusionCullingSettings:
  m_ObjectHideFlags: 0
  serializedVersion: 2
  m_OcclusionBakeSettings:
    smallestOccluder: 5
    smallestHole: 0.25
    backfaceThreshold: 100
  m_SceneGUID: 00000000000000000000000000000000
  m_OcclusionCullingData: {fileID: 0}
--- !u!104 &2
RenderSettings:
  m_ObjectHideFlags: 0
  serializedVersion: 9
  m_Fog: 0
  m_FogColor: {r: 0.5, g: 0.5, b: 0.5, a: 1}
  m_FogMode: 3
  m_FogDensity: 0.01
  m_LinearFogStart: 0
  m_LinearFogEnd: 300
  m_AmbientSkyColor: {r: 0.29803923, g: 0.2392157, b: 0.18039216, a: 1}
  m_AmbientEquatorColor: {r: 0.114, g: 0.125, b: 0.133, a: 1}
  m_AmbientGroundColor: {r: 0.047, g: 0.043, b: 0.035, a: 1}
  m_AmbientIntensity: 1
  m_AmbientMode: 3
  m_SubtractiveShadowColor: {r: 0.42, g: 0.478, b: 0.627, a: 1}
  m_SkyboxMaterial: {fileID: 2100000, guid: 3e8bc5155c4c9ed46a63ac64c06408f3, type: 2}
  m_HaloStrength: 0.5
  m_FlareStrength: 1
  m_FlareFadeSpeed: 3
  m_HaloTexture: {fileID: 0}
  m_SpotCookie: {fileID: 10001, guid: 0000000000000000e000000000000000, type: 0}
  m_DefaultReflectionMode: 0
  m_DefaultReflectionResolution: 128
  m_ReflectionBounces: 2
  m_ReflectionIntensity: 1
  m_CustomReflection: {fileID: 0}
  m_Sun: {fileID: 226383559}
  m_IndirectSpecularColor: {r: 0, g: 0, b: 0, a: 1}
  m_UseRadianceAmbientProbe: 0
--- !u!157 &3
LightmapSettings:
  m_ObjectHideFlags: 0
  serializedVersion: 12
  m_GIWorkflowMode: 1
  m_GISettings:
    serializedVersion: 2
    m_BounceScale: 1
    m_IndirectOutputScale: 1
    m_AlbedoBoost: 1
    m_EnvironmentLightingMode: 0
    m_EnableBakedLightmaps: 0
    m_EnableRealtimeLightmaps: 0
  m_LightmapEditorSettings:
    serializedVersion: 12
    m_Resolution: 2
    m_BakeResolution: 4
    m_AtlasSize: 32
    m_AO: 0
    m_AOMaxDistance: 1
    m_CompAOExponent: 1
    m_CompAOExponentDirect: 0
    m_ExtractAmbientOcclusion: 0
    m_Padding: 2
    m_LightmapParameters: {fileID: 15204, guid: 0000000000000000f000000000000000,
      type: 0}
    m_LightmapsBakeMode: 1
    m_TextureCompression: 1
    m_FinalGather: 0
    m_FinalGatherFiltering: 1
    m_FinalGatherRayCount: 256
    m_ReflectionCompression: 2
    m_MixedBakeMode: 0
    m_BakeBackend: 1
    m_PVRSampling: 1
    m_PVRDirectSampleCount: 10
    m_PVRSampleCount: 20
    m_PVRBounces: 1
    m_PVREnvironmentSampleCount: 20
    m_PVREnvironmentReferencePointCount: 2048
    m_PVRFilteringMode: 2
    m_PVRDenoiserTypeDirect: 2
    m_PVRDenoiserTypeIndirect: 2
    m_PVRDenoiserTypeAO: 1
    m_PVRFilterTypeDirect: 1
    m_PVRFilterTypeIndirect: 1
    m_PVRFilterTypeAO: 0
    m_PVREnvironmentMIS: 1
    m_PVRCulling: 0
    m_PVRFilteringGaussRadiusDirect: 1
    m_PVRFilteringGaussRadiusIndirect: 5
    m_PVRFilteringGaussRadiusAO: 2
    m_PVRFilteringAtrousPositionSigmaDirect: 0.5
    m_PVRFilteringAtrousPositionSigmaIndirect: 2
    m_PVRFilteringAtrousPositionSigmaAO: 1
    m_ExportTrainingData: 0
    m_TrainingDataDestination: TrainingData
    m_LightProbeSampleCountMultiplier: 4
  m_LightingDataAsset: {fileID: 112000000, guid: e6c06db84dd3fd40287aeb5c52c37d75,
    type: 2}
  m_LightingSettings: {fileID: 4890085278179872738, guid: d4a4e0e71ef199c308766061d68acbbb,
    type: 2}
--- !u!196 &4
NavMeshSettings:
  serializedVersion: 2
  m_ObjectHideFlags: 0
  m_BuildSettings:
    serializedVersion: 2
    agentTypeID: 0
    agentRadius: 0.5
    agentHeight: 2
    agentSlope: 45
    agentClimb: 0.4
    ledgeDropHeight: 0
    maxJumpAcrossDistance: 0
    minRegionArea: 2
    manualCellSize: 0
    cellSize: 0.16666667
    manualTileSize: 0
    tileSize: 256
    accuratePlacement: 0
    maxJobWorkers: 0
    preserveTilesOutsideBounds: 0
    debug:
      m_Flags: 0
  m_NavMeshData: {fileID: 0}
--- !u!1 &226383558
GameObject:
  m_ObjectHideFlags: 0
  m_CorrespondingSourceObject: {fileID: 0}
  m_PrefabInstance: {fileID: 0}
  m_PrefabAsset: {fileID: 0}
  serializedVersion: 6
  m_Component:
  - component: {fileID: 226383560}
  - component: {fileID: 226383559}
  m_Layer: 0
  m_Name: MainSun
  m_TagString: Untagged
  m_Icon: {fileID: 0}
  m_NavMeshLayer: 0
  m_StaticEditorFlags: 0
  m_IsActive: 1
--- !u!108 &226383559
Light:
  m_ObjectHideFlags: 0
  m_CorrespondingSourceObject: {fileID: 0}
  m_PrefabInstance: {fileID: 0}
  m_PrefabAsset: {fileID: 0}
  m_GameObject: {fileID: 226383558}
  m_Enabled: 1
  serializedVersion: 10
  m_Type: 1
  m_Shape: 0
  m_Color: {r: 0.6963593, g: 0.9528302, b: 0.57079923, a: 1}
  m_Intensity: 5
  m_Range: 10
  m_SpotAngle: 30
  m_InnerSpotAngle: 21.80208
  m_CookieSize: 10
  m_Shadows:
    m_Type: 2
    m_Resolution: -1
    m_CustomResolution: -1
    m_Strength: 1
    m_Bias: 0.05
    m_NormalBias: 0.4
    m_NearPlane: 0.1
    m_CullingMatrixOverride:
      e00: 1
      e01: 0
      e02: 0
      e03: 0
      e10: 0
      e11: 1
      e12: 0
      e13: 0
      e20: 0
      e21: 0
      e22: 1
      e23: 0
      e30: 0
      e31: 0
      e32: 0
      e33: 1
    m_UseCullingMatrixOverride: 0
  m_Cookie: {fileID: 0}
  m_DrawHalo: 0
  m_Flare: {fileID: 0}
  m_RenderMode: 0
  m_CullingMask:
    serializedVersion: 2
    m_Bits: 4294967295
  m_RenderingLayerMask: 1
  m_Lightmapping: 4
  m_LightShadowCasterMode: 0
  m_AreaSize: {x: 1, y: 1}
  m_BounceIntensity: 1
  m_ColorTemperature: 3158
  m_UseColorTemperature: 0
  m_BoundingSphereOverride: {x: 0, y: 0, z: 0, w: 0}
  m_UseBoundingSphereOverride: 0
  m_UseViewFrustumForShadowCasterCull: 1
  m_ShadowRadius: 0
  m_ShadowAngle: 0
--- !u!4 &226383560
Transform:
  m_ObjectHideFlags: 0
  m_CorrespondingSourceObject: {fileID: 0}
  m_PrefabInstance: {fileID: 0}
  m_PrefabAsset: {fileID: 0}
  m_GameObject: {fileID: 226383558}
  m_LocalRotation: {x: 0.8028354, y: -0.14431734, z: 0.41340843, w: 0.40462485}
  m_LocalPosition: {x: 0, y: 0, z: 0}
  m_LocalScale: {x: 1, y: 1, z: 1}
  m_Children: []
  m_Father: {fileID: 0}
  m_RootOrder: 0
  m_LocalEulerAnglesHint: {x: 129.73401, y: -58.841003, z: -9.257019}
--- !u!1001 &278031410
PrefabInstance:
  m_ObjectHideFlags: 0
  serializedVersion: 2
  m_Modification:
    m_TransformParent: {fileID: 521333987}
    m_Modifications:
    - target: {fileID: 994597829004292864, guid: 9a3535b4111f10547bf02cf14110fc41,
        type: 3}
      propertyPath: m_Name
      value: BotShipRaven
      objectReference: {fileID: 0}
    - target: {fileID: 4293861927575748883, guid: 9a3535b4111f10547bf02cf14110fc41,
        type: 3}
      propertyPath: m_RootOrder
      value: 2
      objectReference: {fileID: 0}
    - target: {fileID: 4293861927575748883, guid: 9a3535b4111f10547bf02cf14110fc41,
        type: 3}
      propertyPath: m_LocalPosition.x
      value: 70
      objectReference: {fileID: 0}
    - target: {fileID: 4293861927575748883, guid: 9a3535b4111f10547bf02cf14110fc41,
        type: 3}
      propertyPath: m_LocalPosition.y
      value: 0
      objectReference: {fileID: 0}
    - target: {fileID: 4293861927575748883, guid: 9a3535b4111f10547bf02cf14110fc41,
        type: 3}
      propertyPath: m_LocalPosition.z
      value: 0
      objectReference: {fileID: 0}
    - target: {fileID: 4293861927575748883, guid: 9a3535b4111f10547bf02cf14110fc41,
        type: 3}
      propertyPath: m_LocalRotation.w
      value: 0
      objectReference: {fileID: 0}
    - target: {fileID: 4293861927575748883, guid: 9a3535b4111f10547bf02cf14110fc41,
        type: 3}
      propertyPath: m_LocalRotation.x
      value: 0
      objectReference: {fileID: 0}
    - target: {fileID: 4293861927575748883, guid: 9a3535b4111f10547bf02cf14110fc41,
        type: 3}
      propertyPath: m_LocalRotation.y
      value: -0.7071068
      objectReference: {fileID: 0}
    - target: {fileID: 4293861927575748883, guid: 9a3535b4111f10547bf02cf14110fc41,
        type: 3}
      propertyPath: m_LocalRotation.z
      value: 0.7071068
      objectReference: {fileID: 0}
    - target: {fileID: 4293861927575748883, guid: 9a3535b4111f10547bf02cf14110fc41,
        type: 3}
      propertyPath: m_LocalEulerAnglesHint.x
      value: 90
      objectReference: {fileID: 0}
    - target: {fileID: 4293861927575748883, guid: 9a3535b4111f10547bf02cf14110fc41,
        type: 3}
      propertyPath: m_LocalEulerAnglesHint.y
      value: 0
      objectReference: {fileID: 0}
    - target: {fileID: 4293861927575748883, guid: 9a3535b4111f10547bf02cf14110fc41,
        type: 3}
      propertyPath: m_LocalEulerAnglesHint.z
      value: 180
      objectReference: {fileID: 0}
    m_RemovedComponents: []
  m_SourcePrefab: {fileID: 100100000, guid: 9a3535b4111f10547bf02cf14110fc41, type: 3}
--- !u!4 &278031411 stripped
Transform:
  m_CorrespondingSourceObject: {fileID: 4293861927575748883, guid: 9a3535b4111f10547bf02cf14110fc41,
    type: 3}
  m_PrefabInstance: {fileID: 278031410}
  m_PrefabAsset: {fileID: 0}
--- !u!1 &281550417
GameObject:
  m_ObjectHideFlags: 0
  m_CorrespondingSourceObject: {fileID: 0}
  m_PrefabInstance: {fileID: 0}
  m_PrefabAsset: {fileID: 0}
  serializedVersion: 6
  m_Component:
  - component: {fileID: 281550419}
  - component: {fileID: 281550418}
  m_Layer: 0
  m_Name: Global Volume
  m_TagString: Untagged
  m_Icon: {fileID: 0}
  m_NavMeshLayer: 0
  m_StaticEditorFlags: 0
  m_IsActive: 1
--- !u!114 &281550418
MonoBehaviour:
  m_ObjectHideFlags: 0
  m_CorrespondingSourceObject: {fileID: 0}
  m_PrefabInstance: {fileID: 0}
  m_PrefabAsset: {fileID: 0}
  m_GameObject: {fileID: 281550417}
  m_Enabled: 1
  m_EditorHideFlags: 0
  m_Script: {fileID: 11500000, guid: 172515602e62fb746b5d573b38a5fe58, type: 3}
  m_Name: 
  m_EditorClassIdentifier: 
  isGlobal: 1
  priority: 0
  blendDistance: 0
  weight: 1
  sharedProfile: {fileID: 11400000, guid: 9551a25e0c56ccdc6bb5667d068e0e0e, type: 2}
--- !u!4 &281550419
Transform:
  m_ObjectHideFlags: 0
  m_CorrespondingSourceObject: {fileID: 0}
  m_PrefabInstance: {fileID: 0}
  m_PrefabAsset: {fileID: 0}
  m_GameObject: {fileID: 281550417}
  m_LocalRotation: {x: -0, y: -0, z: -0, w: 1}
  m_LocalPosition: {x: -527.5, y: 730.5005, z: 0}
  m_LocalScale: {x: 1, y: 1, z: 1}
  m_Children: []
  m_Father: {fileID: 0}
  m_RootOrder: 3
  m_LocalEulerAnglesHint: {x: 0, y: 0, z: 0}
--- !u!1 &521333986
GameObject:
  m_ObjectHideFlags: 0
  m_CorrespondingSourceObject: {fileID: 0}
  m_PrefabInstance: {fileID: 0}
  m_PrefabAsset: {fileID: 0}
  serializedVersion: 6
  m_Component:
  - component: {fileID: 521333987}
  - component: {fileID: 521333988}
  m_Layer: 0
  m_Name: Enemies
  m_TagString: Untagged
  m_Icon: {fileID: 0}
  m_NavMeshLayer: 0
  m_StaticEditorFlags: 0
  m_IsActive: 1
--- !u!4 &521333987
Transform:
  m_ObjectHideFlags: 0
  m_CorrespondingSourceObject: {fileID: 0}
  m_PrefabInstance: {fileID: 0}
  m_PrefabAsset: {fileID: 0}
  m_GameObject: {fileID: 521333986}
  m_LocalRotation: {x: 0, y: 0, z: 0, w: 1}
  m_LocalPosition: {x: 0, y: 260, z: 0}
  m_LocalScale: {x: 1, y: 1, z: 1}
  m_Children:
  - {fileID: 1222346399}
  - {fileID: 558925806}
  - {fileID: 278031411}
  m_Father: {fileID: 0}
  m_RootOrder: 9
  m_LocalEulerAnglesHint: {x: 0, y: 0, z: 0}
--- !u!95 &521333988
Animator:
  serializedVersion: 3
  m_ObjectHideFlags: 0
  m_CorrespondingSourceObject: {fileID: 0}
  m_PrefabInstance: {fileID: 0}
  m_PrefabAsset: {fileID: 0}
  m_GameObject: {fileID: 521333986}
  m_Enabled: 1
  m_Avatar: {fileID: 0}
  m_Controller: {fileID: 0}
  m_CullingMode: 0
  m_UpdateMode: 0
  m_ApplyRootMotion: 0
  m_LinearVelocityBlending: 0
  m_WarningMessage: 
  m_HasTransformHierarchy: 1
  m_AllowConstantClipSamplingOptimization: 1
  m_KeepAnimatorControllerStateOnDisable: 0
--- !u!1001 &558925805
PrefabInstance:
  m_ObjectHideFlags: 0
  serializedVersion: 2
  m_Modification:
    m_TransformParent: {fileID: 521333987}
    m_Modifications:
    - target: {fileID: 5020665285535044505, guid: 57afae5ef0bef2b488a3279664d5b168,
        type: 3}
      propertyPath: m_RootOrder
      value: 1
      objectReference: {fileID: 0}
    - target: {fileID: 5020665285535044505, guid: 57afae5ef0bef2b488a3279664d5b168,
        type: 3}
      propertyPath: m_LocalPosition.x
      value: -70
      objectReference: {fileID: 0}
    - target: {fileID: 5020665285535044505, guid: 57afae5ef0bef2b488a3279664d5b168,
        type: 3}
      propertyPath: m_LocalPosition.y
      value: 0
      objectReference: {fileID: 0}
    - target: {fileID: 5020665285535044505, guid: 57afae5ef0bef2b488a3279664d5b168,
        type: 3}
      propertyPath: m_LocalPosition.z
      value: 0
      objectReference: {fileID: 0}
    - target: {fileID: 5020665285535044505, guid: 57afae5ef0bef2b488a3279664d5b168,
        type: 3}
      propertyPath: m_LocalRotation.w
      value: 0
      objectReference: {fileID: 0}
    - target: {fileID: 5020665285535044505, guid: 57afae5ef0bef2b488a3279664d5b168,
        type: 3}
      propertyPath: m_LocalRotation.x
      value: 0
      objectReference: {fileID: 0}
    - target: {fileID: 5020665285535044505, guid: 57afae5ef0bef2b488a3279664d5b168,
        type: 3}
      propertyPath: m_LocalRotation.y
      value: -0.7071068
      objectReference: {fileID: 0}
    - target: {fileID: 5020665285535044505, guid: 57afae5ef0bef2b488a3279664d5b168,
        type: 3}
      propertyPath: m_LocalRotation.z
      value: 0.7071068
      objectReference: {fileID: 0}
    - target: {fileID: 5020665285535044505, guid: 57afae5ef0bef2b488a3279664d5b168,
        type: 3}
      propertyPath: m_LocalEulerAnglesHint.x
      value: 90
      objectReference: {fileID: 0}
    - target: {fileID: 5020665285535044505, guid: 57afae5ef0bef2b488a3279664d5b168,
        type: 3}
      propertyPath: m_LocalEulerAnglesHint.y
      value: 0
      objectReference: {fileID: 0}
    - target: {fileID: 5020665285535044505, guid: 57afae5ef0bef2b488a3279664d5b168,
        type: 3}
      propertyPath: m_LocalEulerAnglesHint.z
      value: 180
      objectReference: {fileID: 0}
    - target: {fileID: 8356329752837317002, guid: 57afae5ef0bef2b488a3279664d5b168,
        type: 3}
      propertyPath: m_Name
      value: BotShipHarbinger
      objectReference: {fileID: 0}
    m_RemovedComponents: []
  m_SourcePrefab: {fileID: 100100000, guid: 57afae5ef0bef2b488a3279664d5b168, type: 3}
--- !u!4 &558925806 stripped
Transform:
  m_CorrespondingSourceObject: {fileID: 5020665285535044505, guid: 57afae5ef0bef2b488a3279664d5b168,
    type: 3}
  m_PrefabInstance: {fileID: 558925805}
  m_PrefabAsset: {fileID: 0}
--- !u!1001 &695102831
PrefabInstance:
  m_ObjectHideFlags: 0
  serializedVersion: 2
  m_Modification:
    m_TransformParent: {fileID: 0}
    m_Modifications:
    - target: {fileID: 1689183407128760070, guid: 24a5e7e400553ff4aa33386f2b308157,
        type: 3}
      propertyPath: m_Name
      value: PlayerShip
      objectReference: {fileID: 0}
    - target: {fileID: 2389852857318915349, guid: 24a5e7e400553ff4aa33386f2b308157,
        type: 3}
      propertyPath: m_RootOrder
      value: 7
      objectReference: {fileID: 0}
    - target: {fileID: 2389852857318915349, guid: 24a5e7e400553ff4aa33386f2b308157,
        type: 3}
      propertyPath: m_LocalPosition.x
      value: 0
      objectReference: {fileID: 0}
    - target: {fileID: 2389852857318915349, guid: 24a5e7e400553ff4aa33386f2b308157,
        type: 3}
      propertyPath: m_LocalPosition.y
      value: -260
      objectReference: {fileID: 0}
    - target: {fileID: 2389852857318915349, guid: 24a5e7e400553ff4aa33386f2b308157,
        type: 3}
      propertyPath: m_LocalPosition.z
      value: 0
      objectReference: {fileID: 0}
    - target: {fileID: 2389852857318915349, guid: 24a5e7e400553ff4aa33386f2b308157,
        type: 3}
      propertyPath: m_LocalRotation.w
      value: 0
      objectReference: {fileID: 0}
    - target: {fileID: 2389852857318915349, guid: 24a5e7e400553ff4aa33386f2b308157,
        type: 3}
      propertyPath: m_LocalRotation.x
      value: 0
      objectReference: {fileID: 0}
    - target: {fileID: 2389852857318915349, guid: 24a5e7e400553ff4aa33386f2b308157,
        type: 3}
      propertyPath: m_LocalRotation.y
      value: 0.7071068
      objectReference: {fileID: 0}
    - target: {fileID: 2389852857318915349, guid: 24a5e7e400553ff4aa33386f2b308157,
        type: 3}
      propertyPath: m_LocalRotation.z
      value: 0.7071068
      objectReference: {fileID: 0}
    - target: {fileID: 2389852857318915349, guid: 24a5e7e400553ff4aa33386f2b308157,
        type: 3}
      propertyPath: m_LocalEulerAnglesHint.x
      value: -90
      objectReference: {fileID: 0}
    - target: {fileID: 2389852857318915349, guid: 24a5e7e400553ff4aa33386f2b308157,
        type: 3}
      propertyPath: m_LocalEulerAnglesHint.y
      value: 0
      objectReference: {fileID: 0}
    - target: {fileID: 2389852857318915349, guid: 24a5e7e400553ff4aa33386f2b308157,
        type: 3}
      propertyPath: m_LocalEulerAnglesHint.z
      value: 180
      objectReference: {fileID: 0}
    m_RemovedComponents: []
  m_SourcePrefab: {fileID: 100100000, guid: 24a5e7e400553ff4aa33386f2b308157, type: 3}
--- !u!1 &695102832 stripped
GameObject:
  m_CorrespondingSourceObject: {fileID: 1689183407128760070, guid: 24a5e7e400553ff4aa33386f2b308157,
    type: 3}
  m_PrefabInstance: {fileID: 695102831}
  m_PrefabAsset: {fileID: 0}
--- !u!95 &695102833
Animator:
  serializedVersion: 3
  m_ObjectHideFlags: 0
  m_CorrespondingSourceObject: {fileID: 0}
  m_PrefabInstance: {fileID: 0}
  m_PrefabAsset: {fileID: 0}
  m_GameObject: {fileID: 695102832}
  m_Enabled: 1
  m_Avatar: {fileID: 0}
  m_Controller: {fileID: 0}
  m_CullingMode: 0
  m_UpdateMode: 0
  m_ApplyRootMotion: 0
  m_LinearVelocityBlending: 0
  m_WarningMessage: 
  m_HasTransformHierarchy: 1
  m_AllowConstantClipSamplingOptimization: 1
  m_KeepAnimatorControllerStateOnDisable: 0
--- !u!1001 &794566858
PrefabInstance:
  m_ObjectHideFlags: 0
  serializedVersion: 2
  m_Modification:
    m_TransformParent: {fileID: 0}
    m_Modifications:
    - target: {fileID: 99774267013164588, guid: c3c3a4d56dae300cbad2d5a57988c70f,
        type: 3}
      propertyPath: m_LocalPosition.x
      value: -1346
      objectReference: {fileID: 0}
    - target: {fileID: 99774267013164588, guid: c3c3a4d56dae300cbad2d5a57988c70f,
        type: 3}
      propertyPath: m_LocalPosition.y
      value: 1171
      objectReference: {fileID: 0}
    - target: {fileID: 99774267013164588, guid: c3c3a4d56dae300cbad2d5a57988c70f,
        type: 3}
      propertyPath: m_LocalPosition.z
      value: -47
      objectReference: {fileID: 0}
    - target: {fileID: 2870729323637375817, guid: c3c3a4d56dae300cbad2d5a57988c70f,
        type: 3}
      propertyPath: m_Name
      value: AsteroidField
      objectReference: {fileID: 0}
    - target: {fileID: 2870729323637375817, guid: c3c3a4d56dae300cbad2d5a57988c70f,
        type: 3}
      propertyPath: m_IsActive
      value: 0
      objectReference: {fileID: 0}
    - target: {fileID: 2870729323637375818, guid: c3c3a4d56dae300cbad2d5a57988c70f,
        type: 3}
      propertyPath: m_RootOrder
      value: 5
      objectReference: {fileID: 0}
    - target: {fileID: 2870729323637375818, guid: c3c3a4d56dae300cbad2d5a57988c70f,
        type: 3}
      propertyPath: m_LocalPosition.x
      value: 0
      objectReference: {fileID: 0}
    - target: {fileID: 2870729323637375818, guid: c3c3a4d56dae300cbad2d5a57988c70f,
        type: 3}
      propertyPath: m_LocalPosition.y
      value: 0
      objectReference: {fileID: 0}
    - target: {fileID: 2870729323637375818, guid: c3c3a4d56dae300cbad2d5a57988c70f,
        type: 3}
      propertyPath: m_LocalPosition.z
      value: 1100
      objectReference: {fileID: 0}
    - target: {fileID: 2870729323637375818, guid: c3c3a4d56dae300cbad2d5a57988c70f,
        type: 3}
      propertyPath: m_LocalRotation.w
      value: 1
      objectReference: {fileID: 0}
    - target: {fileID: 2870729323637375818, guid: c3c3a4d56dae300cbad2d5a57988c70f,
        type: 3}
      propertyPath: m_LocalRotation.x
      value: 0
      objectReference: {fileID: 0}
    - target: {fileID: 2870729323637375818, guid: c3c3a4d56dae300cbad2d5a57988c70f,
        type: 3}
      propertyPath: m_LocalRotation.y
      value: 0
      objectReference: {fileID: 0}
    - target: {fileID: 2870729323637375818, guid: c3c3a4d56dae300cbad2d5a57988c70f,
        type: 3}
      propertyPath: m_LocalRotation.z
      value: 0
      objectReference: {fileID: 0}
    - target: {fileID: 2870729323637375818, guid: c3c3a4d56dae300cbad2d5a57988c70f,
        type: 3}
      propertyPath: m_LocalEulerAnglesHint.x
      value: 0
      objectReference: {fileID: 0}
    - target: {fileID: 2870729323637375818, guid: c3c3a4d56dae300cbad2d5a57988c70f,
        type: 3}
      propertyPath: m_LocalEulerAnglesHint.y
      value: 0
      objectReference: {fileID: 0}
    - target: {fileID: 2870729323637375818, guid: c3c3a4d56dae300cbad2d5a57988c70f,
        type: 3}
      propertyPath: m_LocalEulerAnglesHint.z
      value: 0
      objectReference: {fileID: 0}
    - target: {fileID: 2972532594579736207, guid: c3c3a4d56dae300cbad2d5a57988c70f,
        type: 3}
      propertyPath: m_LocalPosition.x
      value: -1458
      objectReference: {fileID: 0}
    - target: {fileID: 2972532594579736207, guid: c3c3a4d56dae300cbad2d5a57988c70f,
        type: 3}
      propertyPath: m_LocalPosition.y
      value: 1679
      objectReference: {fileID: 0}
    - target: {fileID: 2972532594579736207, guid: c3c3a4d56dae300cbad2d5a57988c70f,
        type: 3}
      propertyPath: m_LocalPosition.z
      value: 361
      objectReference: {fileID: 0}
    - target: {fileID: 4971562958558611978, guid: c3c3a4d56dae300cbad2d5a57988c70f,
        type: 3}
      propertyPath: m_LocalPosition.x
      value: -1412
      objectReference: {fileID: 0}
    - target: {fileID: 4971562958558611978, guid: c3c3a4d56dae300cbad2d5a57988c70f,
        type: 3}
      propertyPath: m_LocalPosition.y
      value: -622
      objectReference: {fileID: 0}
    - target: {fileID: 4971562958558611978, guid: c3c3a4d56dae300cbad2d5a57988c70f,
        type: 3}
      propertyPath: m_LocalPosition.z
      value: -407
      objectReference: {fileID: 0}
    - target: {fileID: 5248177590733774561, guid: c3c3a4d56dae300cbad2d5a57988c70f,
        type: 3}
      propertyPath: m_LocalPosition.x
      value: -2854
      objectReference: {fileID: 0}
    - target: {fileID: 5248177590733774561, guid: c3c3a4d56dae300cbad2d5a57988c70f,
        type: 3}
      propertyPath: m_LocalPosition.y
      value: 1003
      objectReference: {fileID: 0}
    - target: {fileID: 5248177590733774561, guid: c3c3a4d56dae300cbad2d5a57988c70f,
        type: 3}
      propertyPath: m_LocalPosition.z
      value: 687
      objectReference: {fileID: 0}
    - target: {fileID: 5581024053724238305, guid: c3c3a4d56dae300cbad2d5a57988c70f,
        type: 3}
      propertyPath: m_LocalPosition.x
      value: -880
      objectReference: {fileID: 0}
    - target: {fileID: 5581024053724238305, guid: c3c3a4d56dae300cbad2d5a57988c70f,
        type: 3}
      propertyPath: m_LocalPosition.y
      value: -2332
      objectReference: {fileID: 0}
    - target: {fileID: 5581024053724238305, guid: c3c3a4d56dae300cbad2d5a57988c70f,
        type: 3}
      propertyPath: m_LocalPosition.z
      value: -3096
      objectReference: {fileID: 0}
    m_RemovedComponents: []
  m_SourcePrefab: {fileID: 100100000, guid: c3c3a4d56dae300cbad2d5a57988c70f, type: 3}
--- !u!1 &1066141309
GameObject:
  m_ObjectHideFlags: 0
  m_CorrespondingSourceObject: {fileID: 0}
  m_PrefabInstance: {fileID: 0}
  m_PrefabAsset: {fileID: 0}
  serializedVersion: 6
  m_Component:
  - component: {fileID: 1066141311}
  - component: {fileID: 1066141310}
  m_Layer: 0
  m_Name: Backlight1
  m_TagString: Untagged
  m_Icon: {fileID: 0}
  m_NavMeshLayer: 0
  m_StaticEditorFlags: 0
  m_IsActive: 1
--- !u!108 &1066141310
Light:
  m_ObjectHideFlags: 0
  m_CorrespondingSourceObject: {fileID: 0}
  m_PrefabInstance: {fileID: 0}
  m_PrefabAsset: {fileID: 0}
  m_GameObject: {fileID: 1066141309}
  m_Enabled: 1
  serializedVersion: 10
  m_Type: 1
  m_Shape: 0
  m_Color: {r: 1, g: 1, b: 1, a: 1}
  m_Intensity: 0.8
  m_Range: 10
  m_SpotAngle: 30
  m_InnerSpotAngle: 21.80208
  m_CookieSize: 10
  m_Shadows:
    m_Type: 0
    m_Resolution: -1
    m_CustomResolution: -1
    m_Strength: 1
    m_Bias: 0.05
    m_NormalBias: 0.4
    m_NearPlane: 0.1
    m_CullingMatrixOverride:
      e00: 1
      e01: 0
      e02: 0
      e03: 0
      e10: 0
      e11: 1
      e12: 0
      e13: 0
      e20: 0
      e21: 0
      e22: 1
      e23: 0
      e30: 0
      e31: 0
      e32: 0
      e33: 1
    m_UseCullingMatrixOverride: 0
  m_Cookie: {fileID: 0}
  m_DrawHalo: 0
  m_Flare: {fileID: 0}
  m_RenderMode: 0
  m_CullingMask:
    serializedVersion: 2
    m_Bits: 4294967295
  m_RenderingLayerMask: 1
  m_Lightmapping: 4
  m_LightShadowCasterMode: 0
  m_AreaSize: {x: 1, y: 1}
  m_BounceIntensity: 1
  m_ColorTemperature: 3498
  m_UseColorTemperature: 1
  m_BoundingSphereOverride: {x: 0, y: 0, z: 0, w: 0}
  m_UseBoundingSphereOverride: 0
  m_UseViewFrustumForShadowCasterCull: 1
  m_ShadowRadius: 0
  m_ShadowAngle: 0
--- !u!4 &1066141311
Transform:
  m_ObjectHideFlags: 0
  m_CorrespondingSourceObject: {fileID: 0}
  m_PrefabInstance: {fileID: 0}
  m_PrefabAsset: {fileID: 0}
  m_GameObject: {fileID: 1066141309}
  m_LocalRotation: {x: 0.4583064, y: 0.11908344, z: -0.87905926, w: 0.05503945}
  m_LocalPosition: {x: 0, y: 0, z: 0}
  m_LocalScale: {x: 1, y: 1, z: 1}
  m_Children: []
  m_Father: {fileID: 0}
  m_RootOrder: 1
  m_LocalEulerAnglesHint: {x: 164.941, y: 124.83099, z: -0.73498535}
--- !u!1001 &1222346398
PrefabInstance:
  m_ObjectHideFlags: 0
  serializedVersion: 2
  m_Modification:
    m_TransformParent: {fileID: 521333987}
    m_Modifications:
    - target: {fileID: 6898418663257758017, guid: bd36ad4272d5f6b468a33dc6e18651de,
        type: 3}
      propertyPath: m_Name
      value: BotShipCyclops
      objectReference: {fileID: 0}
    - target: {fileID: 7631141629364120402, guid: bd36ad4272d5f6b468a33dc6e18651de,
        type: 3}
      propertyPath: m_RootOrder
      value: 0
      objectReference: {fileID: 0}
    - target: {fileID: 7631141629364120402, guid: bd36ad4272d5f6b468a33dc6e18651de,
        type: 3}
      propertyPath: m_LocalPosition.x
      value: 0
      objectReference: {fileID: 0}
    - target: {fileID: 7631141629364120402, guid: bd36ad4272d5f6b468a33dc6e18651de,
        type: 3}
      propertyPath: m_LocalPosition.y
      value: 0
      objectReference: {fileID: 0}
    - target: {fileID: 7631141629364120402, guid: bd36ad4272d5f6b468a33dc6e18651de,
        type: 3}
      propertyPath: m_LocalPosition.z
      value: 0
      objectReference: {fileID: 0}
    - target: {fileID: 7631141629364120402, guid: bd36ad4272d5f6b468a33dc6e18651de,
        type: 3}
      propertyPath: m_LocalRotation.w
      value: 0
      objectReference: {fileID: 0}
    - target: {fileID: 7631141629364120402, guid: bd36ad4272d5f6b468a33dc6e18651de,
        type: 3}
      propertyPath: m_LocalRotation.x
      value: 0
      objectReference: {fileID: 0}
    - target: {fileID: 7631141629364120402, guid: bd36ad4272d5f6b468a33dc6e18651de,
        type: 3}
      propertyPath: m_LocalRotation.y
      value: -0.7071068
      objectReference: {fileID: 0}
    - target: {fileID: 7631141629364120402, guid: bd36ad4272d5f6b468a33dc6e18651de,
        type: 3}
      propertyPath: m_LocalRotation.z
      value: 0.7071068
      objectReference: {fileID: 0}
    - target: {fileID: 7631141629364120402, guid: bd36ad4272d5f6b468a33dc6e18651de,
        type: 3}
      propertyPath: m_LocalEulerAnglesHint.x
      value: 90
      objectReference: {fileID: 0}
    - target: {fileID: 7631141629364120402, guid: bd36ad4272d5f6b468a33dc6e18651de,
        type: 3}
      propertyPath: m_LocalEulerAnglesHint.y
      value: 0
      objectReference: {fileID: 0}
    - target: {fileID: 7631141629364120402, guid: bd36ad4272d5f6b468a33dc6e18651de,
        type: 3}
      propertyPath: m_LocalEulerAnglesHint.z
      value: 180
      objectReference: {fileID: 0}
    m_RemovedComponents: []
  m_SourcePrefab: {fileID: 100100000, guid: bd36ad4272d5f6b468a33dc6e18651de, type: 3}
--- !u!4 &1222346399 stripped
Transform:
  m_CorrespondingSourceObject: {fileID: 7631141629364120402, guid: bd36ad4272d5f6b468a33dc6e18651de,
    type: 3}
  m_PrefabInstance: {fileID: 1222346398}
  m_PrefabAsset: {fileID: 0}
--- !u!1 &1332632287
GameObject:
  m_ObjectHideFlags: 0
  m_CorrespondingSourceObject: {fileID: 0}
  m_PrefabInstance: {fileID: 0}
  m_PrefabAsset: {fileID: 0}
  serializedVersion: 6
  m_Component:
  - component: {fileID: 1332632292}
  - component: {fileID: 1332632291}
  - component: {fileID: 1332632290}
  - component: {fileID: 1332632289}
  - component: {fileID: 1332632288}
  m_Layer: 0
  m_Name: Camera
  m_TagString: Untagged
  m_Icon: {fileID: 0}
  m_NavMeshLayer: 0
  m_StaticEditorFlags: 0
  m_IsActive: 1
--- !u!114 &1332632288
MonoBehaviour:
  m_ObjectHideFlags: 0
  m_CorrespondingSourceObject: {fileID: 0}
  m_PrefabInstance: {fileID: 0}
  m_PrefabAsset: {fileID: 0}
  m_GameObject: {fileID: 1332632287}
  m_Enabled: 1
  m_EditorHideFlags: 0
  m_Script: {fileID: 11500000, guid: 86c6556701af9e04380698b89f691b6e, type: 3}
  m_Name: 
  m_EditorClassIdentifier: 
  attenuationObject: {fileID: 0}
  ListenerNumber: -1
--- !u!114 &1332632289
MonoBehaviour:
  m_ObjectHideFlags: 0
  m_CorrespondingSourceObject: {fileID: 0}
  m_PrefabInstance: {fileID: 0}
  m_PrefabAsset: {fileID: 0}
  m_GameObject: {fileID: 1332632287}
  m_Enabled: 1
  m_EditorHideFlags: 0
  m_Script: {fileID: 11500000, guid: 3f4c8e8510cb7af2aba1e311c431eff5, type: 3}
  m_Name: 
  m_EditorClassIdentifier: 
  movementController: {fileID: 0}
  offset: {x: 0, y: 0, z: 0}
--- !u!114 &1332632290
MonoBehaviour:
  m_ObjectHideFlags: 0
  m_CorrespondingSourceObject: {fileID: 0}
  m_PrefabInstance: {fileID: 0}
  m_PrefabAsset: {fileID: 0}
  m_GameObject: {fileID: 1332632287}
  m_Enabled: 1
  m_EditorHideFlags: 0
  m_Script: {fileID: 11500000, guid: a79441f348de89743a2939f4d699eac1, type: 3}
  m_Name: 
  m_EditorClassIdentifier: 
  m_RenderShadows: 1
  m_RequiresDepthTextureOption: 2
  m_RequiresOpaqueTextureOption: 2
  m_CameraType: 0
  m_Cameras: []
  m_RendererIndex: -1
  m_VolumeLayerMask:
    serializedVersion: 2
    m_Bits: 1
  m_VolumeTrigger: {fileID: 0}
  m_RenderPostProcessing: 1
  m_Antialiasing: 1
  m_AntialiasingQuality: 2
  m_StopNaN: 0
  m_Dithering: 0
  m_ClearDepth: 1
  m_AllowXRRendering: 1
  m_RequiresDepthTexture: 0
  m_RequiresColorTexture: 0
  m_Version: 2
--- !u!20 &1332632291
Camera:
  m_ObjectHideFlags: 0
  m_CorrespondingSourceObject: {fileID: 0}
  m_PrefabInstance: {fileID: 0}
  m_PrefabAsset: {fileID: 0}
  m_GameObject: {fileID: 1332632287}
  m_Enabled: 1
  serializedVersion: 2
  m_ClearFlags: 1
  m_BackGroundColor: {r: 0.19215687, g: 0.3019608, b: 0.4745098, a: 0}
  m_projectionMatrixMode: 1
  m_GateFitMode: 2
  m_FOVAxisMode: 0
  m_SensorSize: {x: 36, y: 24}
  m_LensShift: {x: 0, y: 0}
  m_FocalLength: 50
  m_NormalizedViewPortRect:
    serializedVersion: 2
    x: 0
    y: 0
    width: 1
    height: 1
  near clip plane: 0.3
  far clip plane: 10000
  field of view: 60
  orthographic: 0
  orthographic size: 1400
  m_Depth: 0
  m_CullingMask:
    serializedVersion: 2
    m_Bits: 4294967295
  m_RenderingPath: -1
  m_TargetTexture: {fileID: 0}
  m_TargetDisplay: 0
  m_TargetEye: 3
  m_HDR: 1
  m_AllowMSAA: 1
  m_AllowDynamicResolution: 0
  m_ForceIntoRT: 0
  m_OcclusionCulling: 1
  m_StereoConvergence: 10
  m_StereoSeparation: 0.022
--- !u!4 &1332632292
Transform:
  m_ObjectHideFlags: 0
  m_CorrespondingSourceObject: {fileID: 0}
  m_PrefabInstance: {fileID: 0}
  m_PrefabAsset: {fileID: 0}
  m_GameObject: {fileID: 1332632287}
  m_LocalRotation: {x: 0, y: 0, z: 0, w: 1}
  m_LocalPosition: {x: 0, y: -70, z: -240}
  m_LocalScale: {x: 1, y: 1, z: 1}
  m_Children: []
  m_Father: {fileID: 0}
  m_RootOrder: 4
  m_LocalEulerAnglesHint: {x: 0, y: 0, z: 0}
--- !u!1001 &1376955409
PrefabInstance:
  m_ObjectHideFlags: 0
  serializedVersion: 2
  m_Modification:
    m_TransformParent: {fileID: 0}
    m_Modifications:
    - target: {fileID: 418831808175828113, guid: d4f16b75d9437d9f5ba87b97391a1283,
        type: 3}
      propertyPath: m_Enabled
      value: 0
      objectReference: {fileID: 0}
    - target: {fileID: 1113485660351814796, guid: d4f16b75d9437d9f5ba87b97391a1283,
        type: 3}
      propertyPath: m_IsActive
      value: 0
      objectReference: {fileID: 0}
    - target: {fileID: 1270886997536126313, guid: d4f16b75d9437d9f5ba87b97391a1283,
        type: 3}
      propertyPath: m_IsActive
      value: 0
      objectReference: {fileID: 0}
    - target: {fileID: 1552053696446067570, guid: d4f16b75d9437d9f5ba87b97391a1283,
        type: 3}
      propertyPath: m_Enabled
      value: 0
      objectReference: {fileID: 0}
    - target: {fileID: 1906191065486772104, guid: d4f16b75d9437d9f5ba87b97391a1283,
        type: 3}
      propertyPath: m_Name
      value: Drone
      objectReference: {fileID: 0}
    - target: {fileID: 1928958762415864076, guid: d4f16b75d9437d9f5ba87b97391a1283,
        type: 3}
      propertyPath: m_Enabled
      value: 0
      objectReference: {fileID: 0}
    - target: {fileID: 5188325640629939945, guid: d4f16b75d9437d9f5ba87b97391a1283,
        type: 3}
      propertyPath: m_Enabled
      value: 0
      objectReference: {fileID: 0}
    - target: {fileID: 5554815600644627912, guid: d4f16b75d9437d9f5ba87b97391a1283,
        type: 3}
      propertyPath: m_IsActive
      value: 0
      objectReference: {fileID: 0}
    - target: {fileID: 6072498511716559539, guid: d4f16b75d9437d9f5ba87b97391a1283,
        type: 3}
      propertyPath: m_Enabled
      value: 0
      objectReference: {fileID: 0}
    - target: {fileID: 6978763183704119654, guid: d4f16b75d9437d9f5ba87b97391a1283,
        type: 3}
      propertyPath: m_RootOrder
      value: 6
      objectReference: {fileID: 0}
    - target: {fileID: 6978763183704119654, guid: d4f16b75d9437d9f5ba87b97391a1283,
        type: 3}
      propertyPath: m_LocalPosition.x
      value: 0
      objectReference: {fileID: 0}
    - target: {fileID: 6978763183704119654, guid: d4f16b75d9437d9f5ba87b97391a1283,
        type: 3}
      propertyPath: m_LocalPosition.y
      value: -77.4
      objectReference: {fileID: 0}
    - target: {fileID: 6978763183704119654, guid: d4f16b75d9437d9f5ba87b97391a1283,
        type: 3}
      propertyPath: m_LocalPosition.z
      value: 0
      objectReference: {fileID: 0}
    - target: {fileID: 6978763183704119654, guid: d4f16b75d9437d9f5ba87b97391a1283,
        type: 3}
      propertyPath: m_LocalRotation.w
      value: 0
      objectReference: {fileID: 0}
    - target: {fileID: 6978763183704119654, guid: d4f16b75d9437d9f5ba87b97391a1283,
        type: 3}
      propertyPath: m_LocalRotation.x
      value: 0
      objectReference: {fileID: 0}
    - target: {fileID: 6978763183704119654, guid: d4f16b75d9437d9f5ba87b97391a1283,
        type: 3}
      propertyPath: m_LocalRotation.y
      value: 0.70710677
      objectReference: {fileID: 0}
    - target: {fileID: 6978763183704119654, guid: d4f16b75d9437d9f5ba87b97391a1283,
        type: 3}
      propertyPath: m_LocalRotation.z
      value: 0.70710677
      objectReference: {fileID: 0}
    - target: {fileID: 6978763183704119654, guid: d4f16b75d9437d9f5ba87b97391a1283,
        type: 3}
      propertyPath: m_LocalEulerAnglesHint.x
      value: -90
      objectReference: {fileID: 0}
    - target: {fileID: 6978763183704119654, guid: d4f16b75d9437d9f5ba87b97391a1283,
        type: 3}
      propertyPath: m_LocalEulerAnglesHint.y
      value: -90
      objectReference: {fileID: 0}
    - target: {fileID: 6978763183704119654, guid: d4f16b75d9437d9f5ba87b97391a1283,
        type: 3}
      propertyPath: m_LocalEulerAnglesHint.z
      value: 270
      objectReference: {fileID: 0}
    - target: {fileID: 8171674302052953216, guid: d4f16b75d9437d9f5ba87b97391a1283,
        type: 3}
      propertyPath: m_IsActive
      value: 0
      objectReference: {fileID: 0}
    - target: {fileID: 8184228714260344346, guid: d4f16b75d9437d9f5ba87b97391a1283,
        type: 3}
      propertyPath: m_Enabled
      value: 0
      objectReference: {fileID: 0}
    - target: {fileID: 8701631963150465063, guid: d4f16b75d9437d9f5ba87b97391a1283,
        type: 3}
      propertyPath: m_Enabled
      value: 0
      objectReference: {fileID: 0}
    - target: {fileID: 9102379975565053883, guid: d4f16b75d9437d9f5ba87b97391a1283,
        type: 3}
      propertyPath: m_Enabled
      value: 0
      objectReference: {fileID: 0}
    m_RemovedComponents: []
  m_SourcePrefab: {fileID: 100100000, guid: d4f16b75d9437d9f5ba87b97391a1283, type: 3}
--- !u!1 &1456811675
GameObject:
  m_ObjectHideFlags: 0
  m_CorrespondingSourceObject: {fileID: 0}
  m_PrefabInstance: {fileID: 0}
  m_PrefabAsset: {fileID: 0}
  serializedVersion: 6
  m_Component:
  - component: {fileID: 1456811677}
  - component: {fileID: 1456811676}
  m_Layer: 0
  m_Name: Backlight2
  m_TagString: Untagged
  m_Icon: {fileID: 0}
  m_NavMeshLayer: 0
  m_StaticEditorFlags: 0
  m_IsActive: 1
--- !u!108 &1456811676
Light:
  m_ObjectHideFlags: 0
  m_CorrespondingSourceObject: {fileID: 0}
  m_PrefabInstance: {fileID: 0}
  m_PrefabAsset: {fileID: 0}
  m_GameObject: {fileID: 1456811675}
  m_Enabled: 1
  serializedVersion: 10
  m_Type: 1
  m_Shape: 0
  m_Color: {r: 1, g: 1, b: 1, a: 1}
  m_Intensity: 0.8
  m_Range: 10
  m_SpotAngle: 30
  m_InnerSpotAngle: 21.80208
  m_CookieSize: 10
  m_Shadows:
    m_Type: 0
    m_Resolution: -1
    m_CustomResolution: -1
    m_Strength: 1
    m_Bias: 0.05
    m_NormalBias: 0.4
    m_NearPlane: 0.1
    m_CullingMatrixOverride:
      e00: 1
      e01: 0
      e02: 0
      e03: 0
      e10: 0
      e11: 1
      e12: 0
      e13: 0
      e20: 0
      e21: 0
      e22: 1
      e23: 0
      e30: 0
      e31: 0
      e32: 0
      e33: 1
    m_UseCullingMatrixOverride: 0
  m_Cookie: {fileID: 0}
  m_DrawHalo: 0
  m_Flare: {fileID: 0}
  m_RenderMode: 0
  m_CullingMask:
    serializedVersion: 2
    m_Bits: 4294967295
  m_RenderingLayerMask: 1
  m_Lightmapping: 4
  m_LightShadowCasterMode: 0
  m_AreaSize: {x: 1, y: 1}
  m_BounceIntensity: 1
  m_ColorTemperature: 3498
  m_UseColorTemperature: 1
  m_BoundingSphereOverride: {x: 0, y: 0, z: 0, w: 0}
  m_UseBoundingSphereOverride: 0
  m_UseViewFrustumForShadowCasterCull: 1
  m_ShadowRadius: 0
  m_ShadowAngle: 0
--- !u!4 &1456811677
Transform:
  m_ObjectHideFlags: 0
  m_CorrespondingSourceObject: {fileID: 0}
  m_PrefabInstance: {fileID: 0}
  m_PrefabAsset: {fileID: 0}
  m_GameObject: {fileID: 1456811675}
  m_LocalRotation: {x: -0.5309095, y: 0.47000146, z: -0.5920505, w: 0.38302734}
  m_LocalPosition: {x: 0, y: 0, z: 0}
  m_LocalScale: {x: 1, y: 1, z: 1}
  m_Children: []
  m_Father: {fileID: 0}
  m_RootOrder: 2
  m_LocalEulerAnglesHint: {x: 171.383, y: 270.321, z: 74.466995}
--- !u!1 &1955814387
GameObject:
  m_ObjectHideFlags: 0
  m_CorrespondingSourceObject: {fileID: 0}
  m_PrefabInstance: {fileID: 0}
  m_PrefabAsset: {fileID: 0}
  serializedVersion: 6
  m_Component:
  - component: {fileID: 1955814388}
  - component: {fileID: 1955814389}
  m_Layer: 0
  m_Name: Timeline
  m_TagString: Untagged
  m_Icon: {fileID: 0}
  m_NavMeshLayer: 0
  m_StaticEditorFlags: 0
  m_IsActive: 1
--- !u!4 &1955814388
Transform:
  m_ObjectHideFlags: 0
  m_CorrespondingSourceObject: {fileID: 0}
  m_PrefabInstance: {fileID: 0}
  m_PrefabAsset: {fileID: 0}
  m_GameObject: {fileID: 1955814387}
  m_LocalRotation: {x: 0, y: 0, z: 0, w: 1}
  m_LocalPosition: {x: 0, y: 0, z: 0}
  m_LocalScale: {x: 1, y: 1, z: 1}
  m_Children: []
  m_Father: {fileID: 0}
  m_RootOrder: 8
  m_LocalEulerAnglesHint: {x: 0, y: 0, z: 0}
--- !u!320 &1955814389
PlayableDirector:
  m_ObjectHideFlags: 0
  m_CorrespondingSourceObject: {fileID: 0}
  m_PrefabInstance: {fileID: 0}
  m_PrefabAsset: {fileID: 0}
  m_GameObject: {fileID: 1955814387}
  m_Enabled: 1
  serializedVersion: 3
  m_PlayableAsset: {fileID: 11400000, guid: e45e185f5a5d32e4da8eefc26b7d2f35, type: 2}
  m_InitialState: 1
  m_WrapMode: 2
  m_DirectorUpdateMode: 1
  m_InitialTime: 0
  m_SceneBindings:
  - key: {fileID: -2470189151499903723, guid: e45e185f5a5d32e4da8eefc26b7d2f35, type: 2}
    value: {fileID: 521333988}
  - key: {fileID: 8021845832852537957, guid: e45e185f5a5d32e4da8eefc26b7d2f35, type: 2}
    value: {fileID: 695102833}
  m_ExposedReferences:
    m_References: []
