%YAML 1.1
%TAG !u! tag:unity3d.com,2011:
--- !u!1001 &1868137358391636459
PrefabInstance:
  m_ObjectHideFlags: 0
  serializedVersion: 2
  m_Modification:
    serializedVersion: 2
    m_TransformParent: {fileID: 2500698851552441481}
    m_Modifications:
    - target: {fileID: -9208760453087088944, guid: 660e8313262d11396a8f65b66bd8d626,
        type: 3}
      propertyPath: m_LocalPosition.x
      value: 0
      objectReference: {fileID: 0}
    - target: {fileID: -8679921383154817045, guid: 660e8313262d11396a8f65b66bd8d626,
        type: 3}
      propertyPath: m_RootOrder
      value: 0
      objectReference: {fileID: 0}
    - target: {fileID: -8679921383154817045, guid: 660e8313262d11396a8f65b66bd8d626,
        type: 3}
      propertyPath: m_LocalPosition.x
      value: 0
      objectReference: {fileID: 0}
    - target: {fileID: -8679921383154817045, guid: 660e8313262d11396a8f65b66bd8d626,
        type: 3}
      propertyPath: m_LocalPosition.y
      value: 0
      objectReference: {fileID: 0}
    - target: {fileID: -8679921383154817045, guid: 660e8313262d11396a8f65b66bd8d626,
        type: 3}
      propertyPath: m_LocalPosition.z
      value: 0
      objectReference: {fileID: 0}
    - target: {fileID: -8679921383154817045, guid: 660e8313262d11396a8f65b66bd8d626,
        type: 3}
      propertyPath: m_LocalRotation.w
      value: 0.7071068
      objectReference: {fileID: 0}
    - target: {fileID: -8679921383154817045, guid: 660e8313262d11396a8f65b66bd8d626,
        type: 3}
      propertyPath: m_LocalRotation.x
      value: 0.7071068
      objectReference: {fileID: 0}
    - target: {fileID: -8679921383154817045, guid: 660e8313262d11396a8f65b66bd8d626,
        type: 3}
      propertyPath: m_LocalRotation.y
      value: 0
      objectReference: {fileID: 0}
    - target: {fileID: -8679921383154817045, guid: 660e8313262d11396a8f65b66bd8d626,
        type: 3}
      propertyPath: m_LocalRotation.z
      value: 0
      objectReference: {fileID: 0}
    - target: {fileID: -8679921383154817045, guid: 660e8313262d11396a8f65b66bd8d626,
        type: 3}
      propertyPath: m_LocalEulerAnglesHint.x
      value: 90
      objectReference: {fileID: 0}
    - target: {fileID: -8679921383154817045, guid: 660e8313262d11396a8f65b66bd8d626,
        type: 3}
      propertyPath: m_LocalEulerAnglesHint.y
      value: 0
      objectReference: {fileID: 0}
    - target: {fileID: -8679921383154817045, guid: 660e8313262d11396a8f65b66bd8d626,
        type: 3}
      propertyPath: m_LocalEulerAnglesHint.z
      value: 0
      objectReference: {fileID: 0}
    - target: {fileID: -8046886934693028503, guid: 660e8313262d11396a8f65b66bd8d626,
        type: 3}
      propertyPath: m_Materials.Array.data[0]
      value: 
      objectReference: {fileID: 2100000, guid: 68ae136a94339848fb8469d84bde6ced, type: 2}
    - target: {fileID: -7852773333610998113, guid: 660e8313262d11396a8f65b66bd8d626,
        type: 3}
      propertyPath: m_LocalPosition.x
      value: 0
      objectReference: {fileID: 0}
    - target: {fileID: -7511558181221131132, guid: 660e8313262d11396a8f65b66bd8d626,
        type: 3}
      propertyPath: m_Materials.Array.data[0]
      value: 
      objectReference: {fileID: 2100000, guid: 68ae136a94339848fb8469d84bde6ced, type: 2}
    - target: {fileID: -5492742699721684334, guid: 660e8313262d11396a8f65b66bd8d626,
        type: 3}
      propertyPath: m_Materials.Array.data[0]
      value: 
      objectReference: {fileID: 2100000, guid: 68ae136a94339848fb8469d84bde6ced, type: 2}
    - target: {fileID: -3970884865232361522, guid: 660e8313262d11396a8f65b66bd8d626,
        type: 3}
      propertyPath: m_Materials.Array.data[0]
      value: 
      objectReference: {fileID: 2100000, guid: 68ae136a94339848fb8469d84bde6ced, type: 2}
    - target: {fileID: -3293783887182636376, guid: 660e8313262d11396a8f65b66bd8d626,
        type: 3}
      propertyPath: m_LocalPosition.x
      value: 0
      objectReference: {fileID: 0}
    - target: {fileID: -1482454465326053605, guid: 660e8313262d11396a8f65b66bd8d626,
        type: 3}
      propertyPath: m_LocalPosition.x
      value: 0
      objectReference: {fileID: 0}
    - target: {fileID: 124280518023930532, guid: 660e8313262d11396a8f65b66bd8d626,
        type: 3}
      propertyPath: m_LocalPosition.x
      value: 0
      objectReference: {fileID: 0}
    - target: {fileID: 907326856898762243, guid: 660e8313262d11396a8f65b66bd8d626,
        type: 3}
      propertyPath: m_Materials.Array.data[0]
      value: 
      objectReference: {fileID: 2100000, guid: 68ae136a94339848fb8469d84bde6ced, type: 2}
    - target: {fileID: 919132149155446097, guid: 660e8313262d11396a8f65b66bd8d626,
        type: 3}
      propertyPath: m_Name
      value: Turret
      objectReference: {fileID: 0}
    - target: {fileID: 919132149155446097, guid: 660e8313262d11396a8f65b66bd8d626,
        type: 3}
      propertyPath: m_IsActive
      value: 1
      objectReference: {fileID: 0}
    - target: {fileID: 2312413903947287492, guid: 660e8313262d11396a8f65b66bd8d626,
        type: 3}
      propertyPath: m_Materials.Array.data[0]
      value: 
      objectReference: {fileID: 2100000, guid: 68ae136a94339848fb8469d84bde6ced, type: 2}
    - target: {fileID: 3408249292436723703, guid: 660e8313262d11396a8f65b66bd8d626,
        type: 3}
      propertyPath: m_Materials.Array.data[0]
      value: 
      objectReference: {fileID: 2100000, guid: 68ae136a94339848fb8469d84bde6ced, type: 2}
    - target: {fileID: 4742473837712756890, guid: 660e8313262d11396a8f65b66bd8d626,
        type: 3}
      propertyPath: m_LODs.Array.data[0].screenRelativeHeight
      value: 0.54576653
      objectReference: {fileID: 0}
    - target: {fileID: 4742473837712756890, guid: 660e8313262d11396a8f65b66bd8d626,
        type: 3}
      propertyPath: m_LODs.Array.data[1].screenRelativeHeight
      value: 0.34893057
      objectReference: {fileID: 0}
    - target: {fileID: 4742473837712756890, guid: 660e8313262d11396a8f65b66bd8d626,
        type: 3}
      propertyPath: m_LODs.Array.data[2].screenRelativeHeight
      value: 0.19169214
      objectReference: {fileID: 0}
    - target: {fileID: 4742473837712756890, guid: 660e8313262d11396a8f65b66bd8d626,
        type: 3}
      propertyPath: m_LODs.Array.data[3].screenRelativeHeight
      value: 0.111681566
      objectReference: {fileID: 0}
    - target: {fileID: 4742473837712756890, guid: 660e8313262d11396a8f65b66bd8d626,
        type: 3}
      propertyPath: m_LODs.Array.data[4].screenRelativeHeight
      value: 0.053007144
      objectReference: {fileID: 0}
    - target: {fileID: 4742473837712756890, guid: 660e8313262d11396a8f65b66bd8d626,
        type: 3}
      propertyPath: m_LODs.Array.data[5].screenRelativeHeight
      value: 0.0050007934
      objectReference: {fileID: 0}
    - target: {fileID: 5920508748547883993, guid: 660e8313262d11396a8f65b66bd8d626,
        type: 3}
      propertyPath: m_LocalPosition.x
      value: 0
      objectReference: {fileID: 0}
    m_RemovedComponents: []
    m_AddedGameObjects: []
  m_SourcePrefab: {fileID: 100100000, guid: 660e8313262d11396a8f65b66bd8d626, type: 3}
--- !u!1 &1526048293608279226 stripped
GameObject:
  m_CorrespondingSourceObject: {fileID: 919132149155446097, guid: 660e8313262d11396a8f65b66bd8d626,
    type: 3}
  m_PrefabInstance: {fileID: 1868137358391636459}
  m_PrefabAsset: {fileID: 0}
--- !u!135 &5981504642995243600
SphereCollider:
  m_ObjectHideFlags: 0
  m_CorrespondingSourceObject: {fileID: 0}
  m_PrefabInstance: {fileID: 0}
  m_PrefabAsset: {fileID: 0}
  m_GameObject: {fileID: 1526048293608279226}
  m_Material: {fileID: 13400000, guid: ab779fa15851ceca88edb4c3f14f1f0e, type: 2}
  m_IsTrigger: 0
  m_Enabled: 1
  serializedVersion: 2
  m_Radius: 3.93
  m_Center: {x: 0, y: 0, z: 0}
--- !u!4 &2190522359527282176 stripped
Transform:
  m_CorrespondingSourceObject: {fileID: -8679921383154817045, guid: 660e8313262d11396a8f65b66bd8d626,
    type: 3}
  m_PrefabInstance: {fileID: 1868137358391636459}
  m_PrefabAsset: {fileID: 0}
--- !u!1001 &3598012770801508332
PrefabInstance:
  m_ObjectHideFlags: 0
  serializedVersion: 2
  m_Modification:
    serializedVersion: 2
    m_TransformParent: {fileID: 0}
    m_Modifications:
    - target: {fileID: 416285106663519176, guid: c2130457ddf0406a0a78fa1e6d0e1175,
        type: 3}
      propertyPath: m_RootOrder
      value: 3
      objectReference: {fileID: 0}
    - target: {fileID: 553411155736452581, guid: c2130457ddf0406a0a78fa1e6d0e1175,
        type: 3}
      propertyPath: m_RootOrder
      value: 2
      objectReference: {fileID: 0}
    - target: {fileID: 553411155736452581, guid: c2130457ddf0406a0a78fa1e6d0e1175,
        type: 3}
      propertyPath: m_LocalScale.x
      value: 8
      objectReference: {fileID: 0}
    - target: {fileID: 553411155736452581, guid: c2130457ddf0406a0a78fa1e6d0e1175,
        type: 3}
      propertyPath: m_LocalScale.y
      value: 8
      objectReference: {fileID: 0}
    - target: {fileID: 553411155736452581, guid: c2130457ddf0406a0a78fa1e6d0e1175,
        type: 3}
      propertyPath: m_LocalScale.z
      value: 8
      objectReference: {fileID: 0}
    - target: {fileID: 553411155736452581, guid: c2130457ddf0406a0a78fa1e6d0e1175,
        type: 3}
      propertyPath: m_LocalPosition.z
      value: 0
      objectReference: {fileID: 0}
    - target: {fileID: 1029856431049432748, guid: c2130457ddf0406a0a78fa1e6d0e1175,
        type: 3}
      propertyPath: m_IsActive
      value: 1
      objectReference: {fileID: 0}
    - target: {fileID: 1394692938163022693, guid: c2130457ddf0406a0a78fa1e6d0e1175,
        type: 3}
      propertyPath: m_RootOrder
      value: 0
      objectReference: {fileID: 0}
    - target: {fileID: 1394692938163022693, guid: c2130457ddf0406a0a78fa1e6d0e1175,
        type: 3}
      propertyPath: m_LocalScale.x
      value: 10
      objectReference: {fileID: 0}
    - target: {fileID: 1394692938163022693, guid: c2130457ddf0406a0a78fa1e6d0e1175,
        type: 3}
      propertyPath: m_LocalScale.y
      value: 10
      objectReference: {fileID: 0}
    - target: {fileID: 1394692938163022693, guid: c2130457ddf0406a0a78fa1e6d0e1175,
        type: 3}
      propertyPath: m_LocalScale.z
      value: 10
      objectReference: {fileID: 0}
    - target: {fileID: 1394692938163022693, guid: c2130457ddf0406a0a78fa1e6d0e1175,
        type: 3}
      propertyPath: m_LocalPosition.x
      value: 0
      objectReference: {fileID: 0}
    - target: {fileID: 1394692938163022693, guid: c2130457ddf0406a0a78fa1e6d0e1175,
        type: 3}
      propertyPath: m_LocalPosition.y
      value: 0
      objectReference: {fileID: 0}
    - target: {fileID: 1394692938163022693, guid: c2130457ddf0406a0a78fa1e6d0e1175,
        type: 3}
      propertyPath: m_LocalPosition.z
      value: 0
      objectReference: {fileID: 0}
    - target: {fileID: 1394692938163022693, guid: c2130457ddf0406a0a78fa1e6d0e1175,
        type: 3}
      propertyPath: m_LocalRotation.w
      value: 1
      objectReference: {fileID: 0}
    - target: {fileID: 1394692938163022693, guid: c2130457ddf0406a0a78fa1e6d0e1175,
        type: 3}
      propertyPath: m_LocalRotation.x
      value: 0
      objectReference: {fileID: 0}
    - target: {fileID: 1394692938163022693, guid: c2130457ddf0406a0a78fa1e6d0e1175,
        type: 3}
      propertyPath: m_LocalRotation.y
      value: 0
      objectReference: {fileID: 0}
    - target: {fileID: 1394692938163022693, guid: c2130457ddf0406a0a78fa1e6d0e1175,
        type: 3}
      propertyPath: m_LocalRotation.z
      value: 0
      objectReference: {fileID: 0}
    - target: {fileID: 1394692938163022693, guid: c2130457ddf0406a0a78fa1e6d0e1175,
        type: 3}
      propertyPath: m_LocalEulerAnglesHint.x
      value: 0
      objectReference: {fileID: 0}
    - target: {fileID: 1394692938163022693, guid: c2130457ddf0406a0a78fa1e6d0e1175,
        type: 3}
      propertyPath: m_LocalEulerAnglesHint.y
      value: 0
      objectReference: {fileID: 0}
    - target: {fileID: 1394692938163022693, guid: c2130457ddf0406a0a78fa1e6d0e1175,
        type: 3}
      propertyPath: m_LocalEulerAnglesHint.z
      value: 0
      objectReference: {fileID: 0}
    - target: {fileID: 2062250386866843951, guid: c2130457ddf0406a0a78fa1e6d0e1175,
        type: 3}
      propertyPath: shieldScaleFactor
      value: 30
      objectReference: {fileID: 0}
    - target: {fileID: 2062250386866843951, guid: c2130457ddf0406a0a78fa1e6d0e1175,
        type: 3}
      propertyPath: healthDisplayPrefab
      value: 
      objectReference: {fileID: 5513384413150069900, guid: da88b58a992f46b17bf96226e378c507,
        type: 3}
    - target: {fileID: 2062250386866843951, guid: c2130457ddf0406a0a78fa1e6d0e1175,
        type: 3}
      propertyPath: shieldEffectSpeedFactor
      value: 7
      objectReference: {fileID: 0}
    - target: {fileID: 2491468665641151230, guid: c2130457ddf0406a0a78fa1e6d0e1175,
        type: 3}
      propertyPath: m_IsActive
      value: 1
      objectReference: {fileID: 0}
    - target: {fileID: 2497047743651334928, guid: c2130457ddf0406a0a78fa1e6d0e1175,
        type: 3}
      propertyPath: icon
      value: 
      objectReference: {fileID: 2800000, guid: 591301b0d1d4c005381e632d3ca935b9, type: 3}
    - target: {fileID: 2505234984451426958, guid: c2130457ddf0406a0a78fa1e6d0e1175,
        type: 3}
      propertyPath: m_IsActive
      value: 1
      objectReference: {fileID: 0}
    - target: {fileID: 2534995268234320286, guid: c2130457ddf0406a0a78fa1e6d0e1175,
        type: 3}
      propertyPath: m_RootOrder
      value: 5
      objectReference: {fileID: 0}
    - target: {fileID: 2621322135214073852, guid: c2130457ddf0406a0a78fa1e6d0e1175,
        type: 3}
      propertyPath: m_IsActive
      value: 1
      objectReference: {fileID: 0}
    - target: {fileID: 3107683328961628615, guid: c2130457ddf0406a0a78fa1e6d0e1175,
        type: 3}
      propertyPath: m_RootOrder
      value: 6
      objectReference: {fileID: 0}
    - target: {fileID: 3107683328961628615, guid: c2130457ddf0406a0a78fa1e6d0e1175,
        type: 3}
      propertyPath: m_LocalScale.x
      value: 8
      objectReference: {fileID: 0}
    - target: {fileID: 3107683328961628615, guid: c2130457ddf0406a0a78fa1e6d0e1175,
        type: 3}
      propertyPath: m_LocalScale.y
      value: 8
      objectReference: {fileID: 0}
    - target: {fileID: 3107683328961628615, guid: c2130457ddf0406a0a78fa1e6d0e1175,
        type: 3}
      propertyPath: m_LocalScale.z
      value: 8
      objectReference: {fileID: 0}
    - target: {fileID: 3107683328961628615, guid: c2130457ddf0406a0a78fa1e6d0e1175,
        type: 3}
      propertyPath: m_LocalPosition.z
      value: 0
      objectReference: {fileID: 0}
    - target: {fileID: 3132163351870450103, guid: c2130457ddf0406a0a78fa1e6d0e1175,
        type: 3}
      propertyPath: m_RootOrder
      value: 7
      objectReference: {fileID: 0}
    - target: {fileID: 3132163351870450103, guid: c2130457ddf0406a0a78fa1e6d0e1175,
        type: 3}
      propertyPath: m_LocalScale.x
      value: 8
      objectReference: {fileID: 0}
    - target: {fileID: 3132163351870450103, guid: c2130457ddf0406a0a78fa1e6d0e1175,
        type: 3}
      propertyPath: m_LocalScale.y
      value: 8
      objectReference: {fileID: 0}
    - target: {fileID: 3132163351870450103, guid: c2130457ddf0406a0a78fa1e6d0e1175,
        type: 3}
      propertyPath: m_LocalScale.z
      value: 8
      objectReference: {fileID: 0}
    - target: {fileID: 3132163351870450103, guid: c2130457ddf0406a0a78fa1e6d0e1175,
        type: 3}
      propertyPath: m_LocalPosition.z
      value: 0
      objectReference: {fileID: 0}
    - target: {fileID: 3279775994541450421, guid: c2130457ddf0406a0a78fa1e6d0e1175,
        type: 3}
      propertyPath: m_RootOrder
      value: 5
      objectReference: {fileID: 0}
    - target: {fileID: 3279775994541450421, guid: c2130457ddf0406a0a78fa1e6d0e1175,
        type: 3}
      propertyPath: m_LocalScale.x
      value: 8
      objectReference: {fileID: 0}
    - target: {fileID: 3279775994541450421, guid: c2130457ddf0406a0a78fa1e6d0e1175,
        type: 3}
      propertyPath: m_LocalScale.y
      value: 8
      objectReference: {fileID: 0}
    - target: {fileID: 3279775994541450421, guid: c2130457ddf0406a0a78fa1e6d0e1175,
        type: 3}
      propertyPath: m_LocalScale.z
      value: 8
      objectReference: {fileID: 0}
    - target: {fileID: 3279775994541450421, guid: c2130457ddf0406a0a78fa1e6d0e1175,
        type: 3}
      propertyPath: m_LocalPosition.z
      value: 0
      objectReference: {fileID: 0}
    - target: {fileID: 3761630745143308869, guid: c2130457ddf0406a0a78fa1e6d0e1175,
        type: 3}
      propertyPath: shields
      value: 70
      objectReference: {fileID: 0}
    - target: {fileID: 3761630745143308869, guid: c2130457ddf0406a0a78fa1e6d0e1175,
        type: 3}
      propertyPath: hitPoints
      value: 70
      objectReference: {fileID: 0}
    - target: {fileID: 3761630745143308869, guid: c2130457ddf0406a0a78fa1e6d0e1175,
        type: 3}
      propertyPath: shieldRegeneration
      value: 2
      objectReference: {fileID: 0}
    - target: {fileID: 3988527706102657521, guid: c2130457ddf0406a0a78fa1e6d0e1175,
        type: 3}
      propertyPath: m_RootOrder
      value: 6
      objectReference: {fileID: 0}
    - target: {fileID: 4643511313565025263, guid: c2130457ddf0406a0a78fa1e6d0e1175,
        type: 3}
      propertyPath: m_IsActive
      value: 1
      objectReference: {fileID: 0}
    - target: {fileID: 4715737497572435137, guid: c2130457ddf0406a0a78fa1e6d0e1175,
        type: 3}
      propertyPath: m_RootOrder
      value: 9
      objectReference: {fileID: 0}
    - target: {fileID: 4858137467196342338, guid: c2130457ddf0406a0a78fa1e6d0e1175,
        type: 3}
      propertyPath: m_IsActive
      value: 1
      objectReference: {fileID: 0}
    - target: {fileID: 5302360310017917094, guid: c2130457ddf0406a0a78fa1e6d0e1175,
        type: 3}
      propertyPath: m_RootOrder
      value: 10
      objectReference: {fileID: 0}
    - target: {fileID: 5302360310017917094, guid: c2130457ddf0406a0a78fa1e6d0e1175,
        type: 3}
      propertyPath: m_LocalScale.x
      value: 8
      objectReference: {fileID: 0}
    - target: {fileID: 5302360310017917094, guid: c2130457ddf0406a0a78fa1e6d0e1175,
        type: 3}
      propertyPath: m_LocalScale.y
      value: 8
      objectReference: {fileID: 0}
    - target: {fileID: 5302360310017917094, guid: c2130457ddf0406a0a78fa1e6d0e1175,
        type: 3}
      propertyPath: m_LocalScale.z
      value: 8
      objectReference: {fileID: 0}
    - target: {fileID: 5302360310017917094, guid: c2130457ddf0406a0a78fa1e6d0e1175,
        type: 3}
      propertyPath: m_LocalPosition.z
      value: 0
      objectReference: {fileID: 0}
    - target: {fileID: 5372590109834314507, guid: c2130457ddf0406a0a78fa1e6d0e1175,
        type: 3}
      propertyPath: m_RootOrder
      value: 11
      objectReference: {fileID: 0}
    - target: {fileID: 5372590109834314507, guid: c2130457ddf0406a0a78fa1e6d0e1175,
        type: 3}
      propertyPath: m_LocalScale.x
      value: 8
      objectReference: {fileID: 0}
    - target: {fileID: 5372590109834314507, guid: c2130457ddf0406a0a78fa1e6d0e1175,
        type: 3}
      propertyPath: m_LocalScale.y
      value: 8
      objectReference: {fileID: 0}
    - target: {fileID: 5372590109834314507, guid: c2130457ddf0406a0a78fa1e6d0e1175,
        type: 3}
      propertyPath: m_LocalScale.z
      value: 8
      objectReference: {fileID: 0}
    - target: {fileID: 5372590109834314507, guid: c2130457ddf0406a0a78fa1e6d0e1175,
        type: 3}
      propertyPath: m_LocalPosition.z
      value: 0
      objectReference: {fileID: 0}
    - target: {fileID: 5696708509011658868, guid: c2130457ddf0406a0a78fa1e6d0e1175,
        type: 3}
      propertyPath: m_RootOrder
      value: 8
      objectReference: {fileID: 0}
    - target: {fileID: 5968619266998711794, guid: c2130457ddf0406a0a78fa1e6d0e1175,
        type: 3}
      propertyPath: m_RootOrder
      value: 4
      objectReference: {fileID: 0}
    - target: {fileID: 6126511960371495795, guid: c2130457ddf0406a0a78fa1e6d0e1175,
        type: 3}
      propertyPath: m_IsActive
      value: 1
      objectReference: {fileID: 0}
    - target: {fileID: 6692747478444441658, guid: c2130457ddf0406a0a78fa1e6d0e1175,
        type: 3}
      propertyPath: m_RootOrder
      value: 8
      objectReference: {fileID: 0}
    - target: {fileID: 6692747478444441658, guid: c2130457ddf0406a0a78fa1e6d0e1175,
        type: 3}
      propertyPath: m_LocalScale.x
      value: 8
      objectReference: {fileID: 0}
    - target: {fileID: 6692747478444441658, guid: c2130457ddf0406a0a78fa1e6d0e1175,
        type: 3}
      propertyPath: m_LocalScale.y
      value: 8
      objectReference: {fileID: 0}
    - target: {fileID: 6692747478444441658, guid: c2130457ddf0406a0a78fa1e6d0e1175,
        type: 3}
      propertyPath: m_LocalScale.z
      value: 8
      objectReference: {fileID: 0}
    - target: {fileID: 6692747478444441658, guid: c2130457ddf0406a0a78fa1e6d0e1175,
        type: 3}
      propertyPath: m_LocalPosition.z
      value: 0
      objectReference: {fileID: 0}
    - target: {fileID: 6837760571428299493, guid: c2130457ddf0406a0a78fa1e6d0e1175,
        type: 3}
      propertyPath: standardModel
      value: 
      objectReference: {fileID: 1526048293608279226}
    - target: {fileID: 6837760571428299493, guid: c2130457ddf0406a0a78fa1e6d0e1175,
        type: 3}
      propertyPath: explosionTimes.Array.data[1]
      value: 0.5
      objectReference: {fileID: 0}
    - target: {fileID: 6837760571428299493, guid: c2130457ddf0406a0a78fa1e6d0e1175,
        type: 3}
      propertyPath: explosionTimes.Array.data[2]
      value: 0.7
      objectReference: {fileID: 0}
    - target: {fileID: 6837760571428299493, guid: c2130457ddf0406a0a78fa1e6d0e1175,
        type: 3}
      propertyPath: explosionTimes.Array.data[3]
      value: 1.2
      objectReference: {fileID: 0}
    - target: {fileID: 6837760571428299493, guid: c2130457ddf0406a0a78fa1e6d0e1175,
        type: 3}
      propertyPath: explosionTimes.Array.data[4]
      value: 1.4
      objectReference: {fileID: 0}
    - target: {fileID: 6837760571428299493, guid: c2130457ddf0406a0a78fa1e6d0e1175,
        type: 3}
      propertyPath: explosionTimes.Array.data[5]
      value: 1.9
      objectReference: {fileID: 0}
    - target: {fileID: 6837760571428299493, guid: c2130457ddf0406a0a78fa1e6d0e1175,
        type: 3}
      propertyPath: explosionTimes.Array.data[6]
      value: 2.2
      objectReference: {fileID: 0}
    - target: {fileID: 6837760571428299493, guid: c2130457ddf0406a0a78fa1e6d0e1175,
        type: 3}
      propertyPath: explosionTimes.Array.data[7]
      value: 2.3
      objectReference: {fileID: 0}
    - target: {fileID: 6837760571428299493, guid: c2130457ddf0406a0a78fa1e6d0e1175,
        type: 3}
      propertyPath: destructionElements.Array.size
      value: 11
      objectReference: {fileID: 0}
    - target: {fileID: 6837760571428299493, guid: c2130457ddf0406a0a78fa1e6d0e1175,
        type: 3}
      propertyPath: destructionElements.Array.data[0]
      value: 
      objectReference: {fileID: 7814105230873578381}
    - target: {fileID: 6837760571428299493, guid: c2130457ddf0406a0a78fa1e6d0e1175,
        type: 3}
      propertyPath: destructionElements.Array.data[1]
      value: 
      objectReference: {fileID: 7844704787366428658}
    - target: {fileID: 6837760571428299493, guid: c2130457ddf0406a0a78fa1e6d0e1175,
        type: 3}
      propertyPath: destructionElements.Array.data[2]
      value: 
      objectReference: {fileID: 929253154586955104}
    - target: {fileID: 6837760571428299493, guid: c2130457ddf0406a0a78fa1e6d0e1175,
        type: 3}
      propertyPath: destructionElements.Array.data[3]
      value: 
      objectReference: {fileID: 1919735618464177750}
    - target: {fileID: 6837760571428299493, guid: c2130457ddf0406a0a78fa1e6d0e1175,
        type: 3}
      propertyPath: destructionElements.Array.data[4]
      value: 
      objectReference: {fileID: 1697036194747441393}
    - target: {fileID: 6837760571428299493, guid: c2130457ddf0406a0a78fa1e6d0e1175,
        type: 3}
      propertyPath: destructionElements.Array.data[5]
      value: 
      objectReference: {fileID: 4490304125701812285}
    - target: {fileID: 6837760571428299493, guid: c2130457ddf0406a0a78fa1e6d0e1175,
        type: 3}
      propertyPath: destructionElements.Array.data[6]
      value: 
      objectReference: {fileID: 3941830618289319263}
    - target: {fileID: 6837760571428299493, guid: c2130457ddf0406a0a78fa1e6d0e1175,
        type: 3}
      propertyPath: destructionElements.Array.data[7]
      value: 
      objectReference: {fileID: 4580821454070524800}
    - target: {fileID: 6837760571428299493, guid: c2130457ddf0406a0a78fa1e6d0e1175,
        type: 3}
      propertyPath: destructionElements.Array.data[8]
      value: 
      objectReference: {fileID: 751870831570969806}
    - target: {fileID: 6837760571428299493, guid: c2130457ddf0406a0a78fa1e6d0e1175,
        type: 3}
      propertyPath: destructionElements.Array.data[9]
      value: 
      objectReference: {fileID: 376690353610354285}
    - target: {fileID: 6837760571428299493, guid: c2130457ddf0406a0a78fa1e6d0e1175,
        type: 3}
      propertyPath: destructionElements.Array.data[10]
      value: 
      objectReference: {fileID: 1056828767746981029}
    - target: {fileID: 7173766828169602038, guid: c2130457ddf0406a0a78fa1e6d0e1175,
        type: 3}
      propertyPath: m_RootOrder
      value: 4
      objectReference: {fileID: 0}
    - target: {fileID: 7173766828169602038, guid: c2130457ddf0406a0a78fa1e6d0e1175,
        type: 3}
      propertyPath: m_LocalScale.x
      value: 8
      objectReference: {fileID: 0}
    - target: {fileID: 7173766828169602038, guid: c2130457ddf0406a0a78fa1e6d0e1175,
        type: 3}
      propertyPath: m_LocalScale.y
      value: 8
      objectReference: {fileID: 0}
    - target: {fileID: 7173766828169602038, guid: c2130457ddf0406a0a78fa1e6d0e1175,
        type: 3}
      propertyPath: m_LocalScale.z
      value: 8
      objectReference: {fileID: 0}
    - target: {fileID: 7173766828169602038, guid: c2130457ddf0406a0a78fa1e6d0e1175,
        type: 3}
      propertyPath: m_LocalPosition.z
      value: 0
      objectReference: {fileID: 0}
    - target: {fileID: 7375613061329700179, guid: c2130457ddf0406a0a78fa1e6d0e1175,
        type: 3}
      propertyPath: m_Name
      value: TurretLevel0
      objectReference: {fileID: 0}
    - target: {fileID: 7451296273543488736, guid: c2130457ddf0406a0a78fa1e6d0e1175,
        type: 3}
      propertyPath: m_RootOrder
      value: 9
      objectReference: {fileID: 0}
    - target: {fileID: 7451296273543488736, guid: c2130457ddf0406a0a78fa1e6d0e1175,
        type: 3}
      propertyPath: m_LocalScale.x
      value: 8
      objectReference: {fileID: 0}
    - target: {fileID: 7451296273543488736, guid: c2130457ddf0406a0a78fa1e6d0e1175,
        type: 3}
      propertyPath: m_LocalScale.y
      value: 8
      objectReference: {fileID: 0}
    - target: {fileID: 7451296273543488736, guid: c2130457ddf0406a0a78fa1e6d0e1175,
        type: 3}
      propertyPath: m_LocalScale.z
      value: 8
      objectReference: {fileID: 0}
    - target: {fileID: 7451296273543488736, guid: c2130457ddf0406a0a78fa1e6d0e1175,
        type: 3}
      propertyPath: m_LocalPosition.z
      value: 0
      objectReference: {fileID: 0}
    - target: {fileID: 7668084905581289663, guid: c2130457ddf0406a0a78fa1e6d0e1175,
        type: 3}
      propertyPath: m_IsActive
      value: 1
      objectReference: {fileID: 0}
    - target: {fileID: 7965889241017411497, guid: c2130457ddf0406a0a78fa1e6d0e1175,
        type: 3}
      propertyPath: m_IsActive
      value: 1
      objectReference: {fileID: 0}
    - target: {fileID: 8574658601443118542, guid: c2130457ddf0406a0a78fa1e6d0e1175,
        type: 3}
      propertyPath: m_RootOrder
      value: 3
      objectReference: {fileID: 0}
    - target: {fileID: 8574658601443118542, guid: c2130457ddf0406a0a78fa1e6d0e1175,
        type: 3}
      propertyPath: m_LocalScale.x
      value: 8
      objectReference: {fileID: 0}
    - target: {fileID: 8574658601443118542, guid: c2130457ddf0406a0a78fa1e6d0e1175,
        type: 3}
      propertyPath: m_LocalScale.y
      value: 8
      objectReference: {fileID: 0}
    - target: {fileID: 8574658601443118542, guid: c2130457ddf0406a0a78fa1e6d0e1175,
        type: 3}
      propertyPath: m_LocalScale.z
      value: 8
      objectReference: {fileID: 0}
    - target: {fileID: 8574658601443118542, guid: c2130457ddf0406a0a78fa1e6d0e1175,
        type: 3}
      propertyPath: m_LocalPosition.z
      value: 0
      objectReference: {fileID: 0}
    - target: {fileID: 9129182966309622817, guid: c2130457ddf0406a0a78fa1e6d0e1175,
        type: 3}
      propertyPath: m_RootOrder
      value: 7
      objectReference: {fileID: 0}
    - target: {fileID: 9159084577261702791, guid: c2130457ddf0406a0a78fa1e6d0e1175,
        type: 3}
      propertyPath: m_IsActive
      value: 1
      objectReference: {fileID: 0}
    m_RemovedComponents: []
    m_AddedGameObjects:
    - targetCorrespondingSourceObject: {fileID: 1394692938163022693, guid: c2130457ddf0406a0a78fa1e6d0e1175,
        type: 3}
      insertIndex: -1
      addedObject: {fileID: 2190522359527282176}
    - targetCorrespondingSourceObject: {fileID: 1394692938163022693, guid: c2130457ddf0406a0a78fa1e6d0e1175,
        type: 3}
      insertIndex: -1
      addedObject: {fileID: 6966168499089256692}
    - targetCorrespondingSourceObject: {fileID: 1394692938163022693, guid: c2130457ddf0406a0a78fa1e6d0e1175,
        type: 3}
      insertIndex: -1
      addedObject: {fileID: 6249790151273810321}
  m_SourcePrefab: {fileID: 100100000, guid: c2130457ddf0406a0a78fa1e6d0e1175, type: 3}
--- !u!4 &2500698851552441481 stripped
Transform:
  m_CorrespondingSourceObject: {fileID: 1394692938163022693, guid: c2130457ddf0406a0a78fa1e6d0e1175,
    type: 3}
  m_PrefabInstance: {fileID: 3598012770801508332}
  m_PrefabAsset: {fileID: 0}
--- !u!1 &6320173762586647231 stripped
GameObject:
  m_CorrespondingSourceObject: {fileID: 7375613061329700179, guid: c2130457ddf0406a0a78fa1e6d0e1175,
    type: 3}
  m_PrefabInstance: {fileID: 3598012770801508332}
  m_PrefabAsset: {fileID: 0}
--- !u!114 &3073754430448024074
MonoBehaviour:
  m_ObjectHideFlags: 0
  m_CorrespondingSourceObject: {fileID: 0}
  m_PrefabInstance: {fileID: 0}
  m_PrefabAsset: {fileID: 0}
  m_GameObject: {fileID: 6320173762586647231}
  m_Enabled: 1
  m_EditorHideFlags: 0
  m_Script: {fileID: 11500000, guid: 6bb31c2b6a2c82205867bf28520cb3a6, type: 3}
  m_Name: 
  m_EditorClassIdentifier: 
  targetDisplayPrefab: {fileID: 5513384413150069900, guid: da88b58a992f46b17bf96226e378c507,
    type: 3}
--- !u!114 &3972297873836981763
MonoBehaviour:
  m_ObjectHideFlags: 0
  m_CorrespondingSourceObject: {fileID: 0}
  m_PrefabInstance: {fileID: 0}
  m_PrefabAsset: {fileID: 0}
  m_GameObject: {fileID: 6320173762586647231}
  m_Enabled: 1
  m_EditorHideFlags: 0
  m_Script: {fileID: 11500000, guid: 2995215664d5439ff9a4c279c5361107, type: 3}
  m_Name: 
  m_EditorClassIdentifier: 
  speedPercentage: 1
  radius: 400
  rangeCirclePrefab: {fileID: 4770391931196915838, guid: d92776181bea341d995def417316a330,
    type: 3}
--- !u!114 &6289257507499498271
MonoBehaviour:
  m_ObjectHideFlags: 0
  m_CorrespondingSourceObject: {fileID: 0}
  m_PrefabInstance: {fileID: 0}
  m_PrefabAsset: {fileID: 0}
  m_GameObject: {fileID: 6320173762586647231}
  m_Enabled: 1
  m_EditorHideFlags: 0
  m_Script: {fileID: 11500000, guid: a594d9aa7844d977b95c53f310a07ac3, type: 3}
  m_Name: 
  m_EditorClassIdentifier: 
  energy: 100
  energyRegeneration: 10
  emptyEnergyRecoveryTime: 0
--- !u!114 &7243696826305544584
MonoBehaviour:
  m_ObjectHideFlags: 0
  m_CorrespondingSourceObject: {fileID: 0}
  m_PrefabInstance: {fileID: 0}
  m_PrefabAsset: {fileID: 0}
  m_GameObject: {fileID: 6320173762586647231}
  m_Enabled: 1
  m_EditorHideFlags: 0
  m_Script: {fileID: 11500000, guid: 6380a8e487c287a54a840b2f57471f91, type: 3}
  m_Name: 
  m_EditorClassIdentifier: 
  energyProperties: {fileID: 6289257507499498271}
  disableRegeneration: 0
--- !u!1001 &5850473311868579450
PrefabInstance:
  m_ObjectHideFlags: 0
  serializedVersion: 2
  m_Modification:
    serializedVersion: 2
    m_TransformParent: {fileID: 2500698851552441481}
    m_Modifications:
    - target: {fileID: -8931286811765609653, guid: 69886ead842688e47b3ea4e109388353,
        type: 3}
      propertyPath: m_Materials.Array.data[0]
      value: 
      objectReference: {fileID: 2100000, guid: 68ae136a94339848fb8469d84bde6ced, type: 2}
    - target: {fileID: -8715360253549012527, guid: 69886ead842688e47b3ea4e109388353,
        type: 3}
      propertyPath: m_Materials.Array.data[0]
      value: 
      objectReference: {fileID: 2100000, guid: 68ae136a94339848fb8469d84bde6ced, type: 2}
    - target: {fileID: -8679921383154817045, guid: 69886ead842688e47b3ea4e109388353,
        type: 3}
      propertyPath: m_RootOrder
      value: 12
      objectReference: {fileID: 0}
    - target: {fileID: -8679921383154817045, guid: 69886ead842688e47b3ea4e109388353,
        type: 3}
      propertyPath: m_LocalPosition.x
      value: 0
      objectReference: {fileID: 0}
    - target: {fileID: -8679921383154817045, guid: 69886ead842688e47b3ea4e109388353,
        type: 3}
      propertyPath: m_LocalPosition.y
      value: 0
      objectReference: {fileID: 0}
    - target: {fileID: -8679921383154817045, guid: 69886ead842688e47b3ea4e109388353,
        type: 3}
      propertyPath: m_LocalPosition.z
      value: 0
      objectReference: {fileID: 0}
    - target: {fileID: -8679921383154817045, guid: 69886ead842688e47b3ea4e109388353,
        type: 3}
      propertyPath: m_LocalRotation.w
      value: 1
      objectReference: {fileID: 0}
    - target: {fileID: -8679921383154817045, guid: 69886ead842688e47b3ea4e109388353,
        type: 3}
      propertyPath: m_LocalRotation.x
      value: 0
      objectReference: {fileID: 0}
    - target: {fileID: -8679921383154817045, guid: 69886ead842688e47b3ea4e109388353,
        type: 3}
      propertyPath: m_LocalRotation.y
      value: 0
      objectReference: {fileID: 0}
    - target: {fileID: -8679921383154817045, guid: 69886ead842688e47b3ea4e109388353,
        type: 3}
      propertyPath: m_LocalRotation.z
      value: 0
      objectReference: {fileID: 0}
    - target: {fileID: -8679921383154817045, guid: 69886ead842688e47b3ea4e109388353,
        type: 3}
      propertyPath: m_LocalEulerAnglesHint.x
      value: 0
      objectReference: {fileID: 0}
    - target: {fileID: -8679921383154817045, guid: 69886ead842688e47b3ea4e109388353,
        type: 3}
      propertyPath: m_LocalEulerAnglesHint.y
      value: 0
      objectReference: {fileID: 0}
    - target: {fileID: -8679921383154817045, guid: 69886ead842688e47b3ea4e109388353,
        type: 3}
      propertyPath: m_LocalEulerAnglesHint.z
      value: 0
      objectReference: {fileID: 0}
    - target: {fileID: -8312728773306478295, guid: 69886ead842688e47b3ea4e109388353,
        type: 3}
      propertyPath: m_Materials.Array.data[0]
      value: 
      objectReference: {fileID: 2100000, guid: 68ae136a94339848fb8469d84bde6ced, type: 2}
    - target: {fileID: -7786182547027068625, guid: 69886ead842688e47b3ea4e109388353,
        type: 3}
      propertyPath: m_LocalPosition.x
      value: 0
      objectReference: {fileID: 0}
    - target: {fileID: -7786182547027068625, guid: 69886ead842688e47b3ea4e109388353,
        type: 3}
      propertyPath: m_LocalRotation.w
      value: 1
      objectReference: {fileID: 0}
    - target: {fileID: -7786182547027068625, guid: 69886ead842688e47b3ea4e109388353,
        type: 3}
      propertyPath: m_LocalRotation.x
      value: 0
      objectReference: {fileID: 0}
    - target: {fileID: -7786182547027068625, guid: 69886ead842688e47b3ea4e109388353,
        type: 3}
      propertyPath: m_LocalRotation.z
      value: 0
      objectReference: {fileID: 0}
    - target: {fileID: -7786182547027068625, guid: 69886ead842688e47b3ea4e109388353,
        type: 3}
      propertyPath: m_LocalEulerAnglesHint.x
      value: 0
      objectReference: {fileID: 0}
    - target: {fileID: -7696163307082790610, guid: 69886ead842688e47b3ea4e109388353,
        type: 3}
      propertyPath: m_LocalPosition.x
      value: 0
      objectReference: {fileID: 0}
    - target: {fileID: -7696163307082790610, guid: 69886ead842688e47b3ea4e109388353,
        type: 3}
      propertyPath: m_LocalRotation.w
      value: 1
      objectReference: {fileID: 0}
    - target: {fileID: -7696163307082790610, guid: 69886ead842688e47b3ea4e109388353,
        type: 3}
      propertyPath: m_LocalRotation.x
      value: 0
      objectReference: {fileID: 0}
    - target: {fileID: -7696163307082790610, guid: 69886ead842688e47b3ea4e109388353,
        type: 3}
      propertyPath: m_LocalRotation.z
      value: 0
      objectReference: {fileID: 0}
    - target: {fileID: -7696163307082790610, guid: 69886ead842688e47b3ea4e109388353,
        type: 3}
      propertyPath: m_LocalEulerAnglesHint.x
      value: 0
      objectReference: {fileID: 0}
    - target: {fileID: -7665228587527707152, guid: 69886ead842688e47b3ea4e109388353,
        type: 3}
      propertyPath: m_Materials.Array.data[0]
      value: 
      objectReference: {fileID: 2100000, guid: 68ae136a94339848fb8469d84bde6ced, type: 2}
    - target: {fileID: -6763548835363680798, guid: 69886ead842688e47b3ea4e109388353,
        type: 3}
      propertyPath: m_Materials.Array.data[0]
      value: 
      objectReference: {fileID: 2100000, guid: 68ae136a94339848fb8469d84bde6ced, type: 2}
    - target: {fileID: -6735997698104303346, guid: 69886ead842688e47b3ea4e109388353,
        type: 3}
      propertyPath: m_IsActive
      value: 0
      objectReference: {fileID: 0}
    - target: {fileID: -6730535415492842005, guid: 69886ead842688e47b3ea4e109388353,
        type: 3}
      propertyPath: m_LocalPosition.x
      value: 0
      objectReference: {fileID: 0}
    - target: {fileID: -6730535415492842005, guid: 69886ead842688e47b3ea4e109388353,
        type: 3}
      propertyPath: m_LocalRotation.w
      value: 1
      objectReference: {fileID: 0}
    - target: {fileID: -6730535415492842005, guid: 69886ead842688e47b3ea4e109388353,
        type: 3}
      propertyPath: m_LocalRotation.x
      value: 0
      objectReference: {fileID: 0}
    - target: {fileID: -6730535415492842005, guid: 69886ead842688e47b3ea4e109388353,
        type: 3}
      propertyPath: m_LocalRotation.z
      value: 0
      objectReference: {fileID: 0}
    - target: {fileID: -6730535415492842005, guid: 69886ead842688e47b3ea4e109388353,
        type: 3}
      propertyPath: m_LocalEulerAnglesHint.x
      value: 0
      objectReference: {fileID: 0}
    - target: {fileID: -5542733190211858886, guid: 69886ead842688e47b3ea4e109388353,
        type: 3}
      propertyPath: m_LocalPosition.x
      value: 0
      objectReference: {fileID: 0}
    - target: {fileID: -5542733190211858886, guid: 69886ead842688e47b3ea4e109388353,
        type: 3}
      propertyPath: m_LocalRotation.w
      value: 1
      objectReference: {fileID: 0}
    - target: {fileID: -5542733190211858886, guid: 69886ead842688e47b3ea4e109388353,
        type: 3}
      propertyPath: m_LocalRotation.x
      value: 0
      objectReference: {fileID: 0}
    - target: {fileID: -5542733190211858886, guid: 69886ead842688e47b3ea4e109388353,
        type: 3}
      propertyPath: m_LocalRotation.z
      value: 0
      objectReference: {fileID: 0}
    - target: {fileID: -5542733190211858886, guid: 69886ead842688e47b3ea4e109388353,
        type: 3}
      propertyPath: m_LocalEulerAnglesHint.x
      value: 0
      objectReference: {fileID: 0}
    - target: {fileID: -5037394356103422003, guid: 69886ead842688e47b3ea4e109388353,
        type: 3}
      propertyPath: m_LocalPosition.x
      value: 0
      objectReference: {fileID: 0}
    - target: {fileID: -5037394356103422003, guid: 69886ead842688e47b3ea4e109388353,
        type: 3}
      propertyPath: m_LocalRotation.w
      value: 1
      objectReference: {fileID: 0}
    - target: {fileID: -5037394356103422003, guid: 69886ead842688e47b3ea4e109388353,
        type: 3}
      propertyPath: m_LocalRotation.x
      value: 0
      objectReference: {fileID: 0}
    - target: {fileID: -5037394356103422003, guid: 69886ead842688e47b3ea4e109388353,
        type: 3}
      propertyPath: m_LocalRotation.z
      value: 0
      objectReference: {fileID: 0}
    - target: {fileID: -5037394356103422003, guid: 69886ead842688e47b3ea4e109388353,
        type: 3}
      propertyPath: m_LocalEulerAnglesHint.x
      value: 0
      objectReference: {fileID: 0}
    - target: {fileID: -4957539457015804879, guid: 69886ead842688e47b3ea4e109388353,
        type: 3}
      propertyPath: m_IsActive
      value: 0
      objectReference: {fileID: 0}
    - target: {fileID: -4791483469166328862, guid: 69886ead842688e47b3ea4e109388353,
        type: 3}
      propertyPath: m_Materials.Array.data[0]
      value: 
      objectReference: {fileID: 2100000, guid: 68ae136a94339848fb8469d84bde6ced, type: 2}
    - target: {fileID: -3226574749996800256, guid: 69886ead842688e47b3ea4e109388353,
        type: 3}
      propertyPath: m_Materials.Array.data[0]
      value: 
      objectReference: {fileID: 2100000, guid: 68ae136a94339848fb8469d84bde6ced, type: 2}
    - target: {fileID: -3226458794877091117, guid: 69886ead842688e47b3ea4e109388353,
        type: 3}
      propertyPath: m_LocalPosition.x
      value: 0
      objectReference: {fileID: 0}
    - target: {fileID: -3226458794877091117, guid: 69886ead842688e47b3ea4e109388353,
        type: 3}
      propertyPath: m_LocalRotation.w
      value: 1
      objectReference: {fileID: 0}
    - target: {fileID: -3226458794877091117, guid: 69886ead842688e47b3ea4e109388353,
        type: 3}
      propertyPath: m_LocalRotation.x
      value: 0
      objectReference: {fileID: 0}
    - target: {fileID: -3226458794877091117, guid: 69886ead842688e47b3ea4e109388353,
        type: 3}
      propertyPath: m_LocalRotation.z
      value: 0
      objectReference: {fileID: 0}
    - target: {fileID: -3226458794877091117, guid: 69886ead842688e47b3ea4e109388353,
        type: 3}
      propertyPath: m_LocalEulerAnglesHint.x
      value: 0
      objectReference: {fileID: 0}
    - target: {fileID: -1557458149674050660, guid: 69886ead842688e47b3ea4e109388353,
        type: 3}
      propertyPath: m_IsActive
      value: 0
      objectReference: {fileID: 0}
    - target: {fileID: -523897874248557760, guid: 69886ead842688e47b3ea4e109388353,
        type: 3}
      propertyPath: m_IsActive
      value: 0
      objectReference: {fileID: 0}
    - target: {fileID: -274107665789221604, guid: 69886ead842688e47b3ea4e109388353,
        type: 3}
      propertyPath: m_LocalPosition.x
      value: 0
      objectReference: {fileID: 0}
    - target: {fileID: -274107665789221604, guid: 69886ead842688e47b3ea4e109388353,
        type: 3}
      propertyPath: m_LocalRotation.w
      value: 1
      objectReference: {fileID: 0}
    - target: {fileID: -274107665789221604, guid: 69886ead842688e47b3ea4e109388353,
        type: 3}
      propertyPath: m_LocalRotation.x
      value: 0
      objectReference: {fileID: 0}
    - target: {fileID: -274107665789221604, guid: 69886ead842688e47b3ea4e109388353,
        type: 3}
      propertyPath: m_LocalRotation.z
      value: 0
      objectReference: {fileID: 0}
    - target: {fileID: -274107665789221604, guid: 69886ead842688e47b3ea4e109388353,
        type: 3}
      propertyPath: m_LocalEulerAnglesHint.x
      value: 0
      objectReference: {fileID: 0}
    - target: {fileID: 644504472356522598, guid: 69886ead842688e47b3ea4e109388353,
        type: 3}
      propertyPath: m_Materials.Array.data[0]
      value: 
      objectReference: {fileID: 2100000, guid: 68ae136a94339848fb8469d84bde6ced, type: 2}
    - target: {fileID: 919132149155446097, guid: 69886ead842688e47b3ea4e109388353,
        type: 3}
      propertyPath: m_Name
      value: TurretDestruction
      objectReference: {fileID: 0}
    - target: {fileID: 974212554430854622, guid: 69886ead842688e47b3ea4e109388353,
        type: 3}
      propertyPath: m_IsActive
      value: 0
      objectReference: {fileID: 0}
    - target: {fileID: 1133017864726264743, guid: 69886ead842688e47b3ea4e109388353,
        type: 3}
      propertyPath: m_IsActive
      value: 0
      objectReference: {fileID: 0}
    - target: {fileID: 1530837693157659216, guid: 69886ead842688e47b3ea4e109388353,
        type: 3}
      propertyPath: m_IsActive
      value: 0
      objectReference: {fileID: 0}
    - target: {fileID: 1738046307215646006, guid: 69886ead842688e47b3ea4e109388353,
        type: 3}
      propertyPath: m_Materials.Array.data[0]
      value: 
      objectReference: {fileID: 2100000, guid: 68ae136a94339848fb8469d84bde6ced, type: 2}
    - target: {fileID: 2892188142154546081, guid: 69886ead842688e47b3ea4e109388353,
        type: 3}
      propertyPath: m_Materials.Array.data[0]
      value: 
      objectReference: {fileID: 2100000, guid: 68ae136a94339848fb8469d84bde6ced, type: 2}
    - target: {fileID: 4965747008542014723, guid: 69886ead842688e47b3ea4e109388353,
        type: 3}
      propertyPath: m_LocalPosition.x
      value: 0
      objectReference: {fileID: 0}
    - target: {fileID: 4965747008542014723, guid: 69886ead842688e47b3ea4e109388353,
        type: 3}
      propertyPath: m_LocalRotation.w
      value: 1
      objectReference: {fileID: 0}
    - target: {fileID: 4965747008542014723, guid: 69886ead842688e47b3ea4e109388353,
        type: 3}
      propertyPath: m_LocalRotation.x
      value: 0
      objectReference: {fileID: 0}
    - target: {fileID: 4965747008542014723, guid: 69886ead842688e47b3ea4e109388353,
        type: 3}
      propertyPath: m_LocalRotation.z
      value: 0
      objectReference: {fileID: 0}
    - target: {fileID: 4965747008542014723, guid: 69886ead842688e47b3ea4e109388353,
        type: 3}
      propertyPath: m_LocalEulerAnglesHint.x
      value: 0
      objectReference: {fileID: 0}
    - target: {fileID: 5203195772573637281, guid: 69886ead842688e47b3ea4e109388353,
        type: 3}
      propertyPath: m_IsActive
      value: 0
      objectReference: {fileID: 0}
    - target: {fileID: 6856789658357051101, guid: 69886ead842688e47b3ea4e109388353,
        type: 3}
      propertyPath: m_IsActive
      value: 0
      objectReference: {fileID: 0}
    - target: {fileID: 6896474905158437478, guid: 69886ead842688e47b3ea4e109388353,
        type: 3}
      propertyPath: m_LocalPosition.x
      value: 0
      objectReference: {fileID: 0}
    - target: {fileID: 6896474905158437478, guid: 69886ead842688e47b3ea4e109388353,
        type: 3}
      propertyPath: m_LocalRotation.w
      value: 1
      objectReference: {fileID: 0}
    - target: {fileID: 6896474905158437478, guid: 69886ead842688e47b3ea4e109388353,
        type: 3}
      propertyPath: m_LocalRotation.x
      value: 0
      objectReference: {fileID: 0}
    - target: {fileID: 6896474905158437478, guid: 69886ead842688e47b3ea4e109388353,
        type: 3}
      propertyPath: m_LocalRotation.z
      value: 0
      objectReference: {fileID: 0}
    - target: {fileID: 6896474905158437478, guid: 69886ead842688e47b3ea4e109388353,
        type: 3}
      propertyPath: m_LocalEulerAnglesHint.x
      value: 0
      objectReference: {fileID: 0}
    - target: {fileID: 7445458875500266823, guid: 69886ead842688e47b3ea4e109388353,
        type: 3}
      propertyPath: m_LocalPosition.x
      value: 0
      objectReference: {fileID: 0}
    - target: {fileID: 7445458875500266823, guid: 69886ead842688e47b3ea4e109388353,
        type: 3}
      propertyPath: m_LocalRotation.w
      value: 1
      objectReference: {fileID: 0}
    - target: {fileID: 7445458875500266823, guid: 69886ead842688e47b3ea4e109388353,
        type: 3}
      propertyPath: m_LocalRotation.x
      value: 0
      objectReference: {fileID: 0}
    - target: {fileID: 7445458875500266823, guid: 69886ead842688e47b3ea4e109388353,
        type: 3}
      propertyPath: m_LocalRotation.z
      value: 0
      objectReference: {fileID: 0}
    - target: {fileID: 7445458875500266823, guid: 69886ead842688e47b3ea4e109388353,
        type: 3}
      propertyPath: m_LocalEulerAnglesHint.x
      value: 0
      objectReference: {fileID: 0}
    - target: {fileID: 7611384088756076574, guid: 69886ead842688e47b3ea4e109388353,
        type: 3}
      propertyPath: m_Materials.Array.data[0]
      value: 
      objectReference: {fileID: 2100000, guid: 68ae136a94339848fb8469d84bde6ced, type: 2}
    - target: {fileID: 8136062506666716482, guid: 69886ead842688e47b3ea4e109388353,
        type: 3}
      propertyPath: m_LocalPosition.x
      value: 0
      objectReference: {fileID: 0}
    - target: {fileID: 8136062506666716482, guid: 69886ead842688e47b3ea4e109388353,
        type: 3}
      propertyPath: m_LocalRotation.w
      value: 1
      objectReference: {fileID: 0}
    - target: {fileID: 8136062506666716482, guid: 69886ead842688e47b3ea4e109388353,
        type: 3}
      propertyPath: m_LocalRotation.x
      value: 0
      objectReference: {fileID: 0}
    - target: {fileID: 8136062506666716482, guid: 69886ead842688e47b3ea4e109388353,
        type: 3}
      propertyPath: m_LocalRotation.z
      value: 0
      objectReference: {fileID: 0}
    - target: {fileID: 8136062506666716482, guid: 69886ead842688e47b3ea4e109388353,
        type: 3}
      propertyPath: m_LocalEulerAnglesHint.x
      value: 0
      objectReference: {fileID: 0}
    - target: {fileID: 8350642639634915969, guid: 69886ead842688e47b3ea4e109388353,
        type: 3}
      propertyPath: m_IsActive
      value: 0
      objectReference: {fileID: 0}
    - target: {fileID: 8429478650285099545, guid: 69886ead842688e47b3ea4e109388353,
        type: 3}
      propertyPath: m_IsActive
      value: 0
      objectReference: {fileID: 0}
    m_RemovedComponents: []
    m_AddedGameObjects: []
  m_SourcePrefab: {fileID: 100100000, guid: 69886ead842688e47b3ea4e109388353, type: 3}
--- !u!1 &1015908781208748199 stripped
GameObject:
  m_CorrespondingSourceObject: {fileID: 6856789658357051101, guid: 69886ead842688e47b3ea4e109388353,
    type: 3}
  m_PrefabInstance: {fileID: 5850473311868579450}
  m_PrefabAsset: {fileID: 0}
--- !u!54 &7814105230873578381
Rigidbody:
  m_ObjectHideFlags: 0
  m_CorrespondingSourceObject: {fileID: 0}
  m_PrefabInstance: {fileID: 0}
  m_PrefabAsset: {fileID: 0}
  m_GameObject: {fileID: 1015908781208748199}
  serializedVersion: 2
  m_Mass: 1
  m_Drag: 0
  m_AngularDrag: 0.05
  m_UseGravity: 1
  m_IsKinematic: 0
  m_Interpolate: 0
  m_Constraints: 0
  m_CollisionDetection: 1
--- !u!64 &4033369248519253951
MeshCollider:
  m_ObjectHideFlags: 0
  m_CorrespondingSourceObject: {fileID: 0}
  m_PrefabInstance: {fileID: 0}
  m_PrefabAsset: {fileID: 0}
  m_GameObject: {fileID: 1015908781208748199}
  m_Material: {fileID: 13400000, guid: ab779fa15851ceca88edb4c3f14f1f0e, type: 2}
  m_IsTrigger: 0
  m_Enabled: 1
  serializedVersion: 4
  m_Convex: 1
  m_CookingOptions: -1
  m_Mesh: {fileID: 8032300733088401352, guid: 69886ead842688e47b3ea4e109388353, type: 3}
--- !u!1 &1802698268459971803 stripped
GameObject:
  m_CorrespondingSourceObject: {fileID: 5203195772573637281, guid: 69886ead842688e47b3ea4e109388353,
    type: 3}
  m_PrefabInstance: {fileID: 5850473311868579450}
  m_PrefabAsset: {fileID: 0}
--- !u!54 &4580821454070524800
Rigidbody:
  m_ObjectHideFlags: 0
  m_CorrespondingSourceObject: {fileID: 0}
  m_PrefabInstance: {fileID: 0}
  m_PrefabAsset: {fileID: 0}
  m_GameObject: {fileID: 1802698268459971803}
  serializedVersion: 2
  m_Mass: 1
  m_Drag: 0
  m_AngularDrag: 0.05
  m_UseGravity: 1
  m_IsKinematic: 0
  m_Interpolate: 0
  m_Constraints: 0
  m_CollisionDetection: 1
--- !u!64 &8223670448494548159
MeshCollider:
  m_ObjectHideFlags: 0
  m_CorrespondingSourceObject: {fileID: 0}
  m_PrefabInstance: {fileID: 0}
  m_PrefabAsset: {fileID: 0}
  m_GameObject: {fileID: 1802698268459971803}
  m_Material: {fileID: 13400000, guid: ab779fa15851ceca88edb4c3f14f1f0e, type: 2}
  m_IsTrigger: 0
  m_Enabled: 1
  serializedVersion: 4
  m_Convex: 1
  m_CookingOptions: -1
  m_Mesh: {fileID: 2620415976627207901, guid: 69886ead842688e47b3ea4e109388353, type: 3}
--- !u!1 &2509207882440838395 stripped
GameObject:
  m_CorrespondingSourceObject: {fileID: 8350642639634915969, guid: 69886ead842688e47b3ea4e109388353,
    type: 3}
  m_PrefabInstance: {fileID: 5850473311868579450}
  m_PrefabAsset: {fileID: 0}
--- !u!54 &1919735618464177750
Rigidbody:
  m_ObjectHideFlags: 0
  m_CorrespondingSourceObject: {fileID: 0}
  m_PrefabInstance: {fileID: 0}
  m_PrefabAsset: {fileID: 0}
  m_GameObject: {fileID: 2509207882440838395}
  serializedVersion: 2
  m_Mass: 1
  m_Drag: 0
  m_AngularDrag: 0.05
  m_UseGravity: 1
  m_IsKinematic: 0
  m_Interpolate: 0
  m_Constraints: 0
  m_CollisionDetection: 1
--- !u!64 &8889085821194914814
MeshCollider:
  m_ObjectHideFlags: 0
  m_CorrespondingSourceObject: {fileID: 0}
  m_PrefabInstance: {fileID: 0}
  m_PrefabAsset: {fileID: 0}
  m_GameObject: {fileID: 2509207882440838395}
  m_Material: {fileID: 13400000, guid: ab779fa15851ceca88edb4c3f14f1f0e, type: 2}
  m_IsTrigger: 0
  m_Enabled: 1
  serializedVersion: 4
  m_Convex: 1
  m_CookingOptions: -1
  m_Mesh: {fileID: 3284839790398523568, guid: 69886ead842688e47b3ea4e109388353, type: 3}
--- !u!1 &2723138806947505251 stripped
GameObject:
  m_CorrespondingSourceObject: {fileID: 8429478650285099545, guid: 69886ead842688e47b3ea4e109388353,
    type: 3}
  m_PrefabInstance: {fileID: 5850473311868579450}
  m_PrefabAsset: {fileID: 0}
--- !u!54 &3941830618289319263
Rigidbody:
  m_ObjectHideFlags: 0
  m_CorrespondingSourceObject: {fileID: 0}
  m_PrefabInstance: {fileID: 0}
  m_PrefabAsset: {fileID: 0}
  m_GameObject: {fileID: 2723138806947505251}
  serializedVersion: 2
  m_Mass: 1
  m_Drag: 0
  m_AngularDrag: 0.05
  m_UseGravity: 1
  m_IsKinematic: 0
  m_Interpolate: 0
  m_Constraints: 0
  m_CollisionDetection: 1
--- !u!64 &7996405159995435178
MeshCollider:
  m_ObjectHideFlags: 0
  m_CorrespondingSourceObject: {fileID: 0}
  m_PrefabInstance: {fileID: 0}
  m_PrefabAsset: {fileID: 0}
  m_GameObject: {fileID: 2723138806947505251}
  m_Material: {fileID: 13400000, guid: ab779fa15851ceca88edb4c3f14f1f0e, type: 2}
  m_IsTrigger: 0
  m_Enabled: 1
  serializedVersion: 4
  m_Convex: 1
  m_CookingOptions: -1
  m_Mesh: {fileID: 5689788635502759905, guid: 69886ead842688e47b3ea4e109388353, type: 3}
--- !u!1 &2993684093369152826 stripped
GameObject:
  m_CorrespondingSourceObject: {fileID: -523897874248557760, guid: 69886ead842688e47b3ea4e109388353,
    type: 3}
  m_PrefabInstance: {fileID: 5850473311868579450}
  m_PrefabAsset: {fileID: 0}
--- !u!54 &1697036194747441393
Rigidbody:
  m_ObjectHideFlags: 0
  m_CorrespondingSourceObject: {fileID: 0}
  m_PrefabInstance: {fileID: 0}
  m_PrefabAsset: {fileID: 0}
  m_GameObject: {fileID: 2993684093369152826}
  serializedVersion: 2
  m_Mass: 1
  m_Drag: 0
  m_AngularDrag: 0.05
  m_UseGravity: 1
  m_IsKinematic: 0
  m_Interpolate: 0
  m_Constraints: 0
  m_CollisionDetection: 1
--- !u!64 &6335650592797893595
MeshCollider:
  m_ObjectHideFlags: 0
  m_CorrespondingSourceObject: {fileID: 0}
  m_PrefabInstance: {fileID: 0}
  m_PrefabAsset: {fileID: 0}
  m_GameObject: {fileID: 2993684093369152826}
  m_Material: {fileID: 13400000, guid: ab779fa15851ceca88edb4c3f14f1f0e, type: 2}
  m_IsTrigger: 0
  m_Enabled: 1
  serializedVersion: 4
  m_Convex: 1
  m_CookingOptions: -1
  m_Mesh: {fileID: 8445424086088161116, guid: 69886ead842688e47b3ea4e109388353, type: 3}
--- !u!1 &4274974233671529958 stripped
GameObject:
  m_CorrespondingSourceObject: {fileID: -1557458149674050660, guid: 69886ead842688e47b3ea4e109388353,
    type: 3}
  m_PrefabInstance: {fileID: 5850473311868579450}
  m_PrefabAsset: {fileID: 0}
--- !u!54 &929253154586955104
Rigidbody:
  m_ObjectHideFlags: 0
  m_CorrespondingSourceObject: {fileID: 0}
  m_PrefabInstance: {fileID: 0}
  m_PrefabAsset: {fileID: 0}
  m_GameObject: {fileID: 4274974233671529958}
  serializedVersion: 2
  m_Mass: 1
  m_Drag: 0
  m_AngularDrag: 0.05
  m_UseGravity: 1
  m_IsKinematic: 0
  m_Interpolate: 0
  m_Constraints: 0
  m_CollisionDetection: 1
--- !u!64 &5982848845710704667
MeshCollider:
  m_ObjectHideFlags: 0
  m_CorrespondingSourceObject: {fileID: 0}
  m_PrefabInstance: {fileID: 0}
  m_PrefabAsset: {fileID: 0}
  m_GameObject: {fileID: 4274974233671529958}
  m_Material: {fileID: 13400000, guid: ab779fa15851ceca88edb4c3f14f1f0e, type: 2}
  m_IsTrigger: 0
  m_Enabled: 1
  serializedVersion: 4
  m_Convex: 1
  m_CookingOptions: -1
  m_Mesh: {fileID: -5642881569049707365, guid: 69886ead842688e47b3ea4e109388353, type: 3}
--- !u!1 &4904330656951352362 stripped
GameObject:
  m_CorrespondingSourceObject: {fileID: 1530837693157659216, guid: 69886ead842688e47b3ea4e109388353,
    type: 3}
  m_PrefabInstance: {fileID: 5850473311868579450}
  m_PrefabAsset: {fileID: 0}
--- !u!54 &376690353610354285
Rigidbody:
  m_ObjectHideFlags: 0
  m_CorrespondingSourceObject: {fileID: 0}
  m_PrefabInstance: {fileID: 0}
  m_PrefabAsset: {fileID: 0}
  m_GameObject: {fileID: 4904330656951352362}
  serializedVersion: 2
  m_Mass: 1
  m_Drag: 0
  m_AngularDrag: 0.05
  m_UseGravity: 1
  m_IsKinematic: 0
  m_Interpolate: 0
  m_Constraints: 0
  m_CollisionDetection: 1
--- !u!64 &3968789286719046245
MeshCollider:
  m_ObjectHideFlags: 0
  m_CorrespondingSourceObject: {fileID: 0}
  m_PrefabInstance: {fileID: 0}
  m_PrefabAsset: {fileID: 0}
  m_GameObject: {fileID: 4904330656951352362}
  m_Material: {fileID: 13400000, guid: ab779fa15851ceca88edb4c3f14f1f0e, type: 2}
  m_IsTrigger: 0
  m_Enabled: 1
  serializedVersion: 4
  m_Convex: 1
  m_CookingOptions: -1
  m_Mesh: {fileID: 5181825916528445702, guid: 69886ead842688e47b3ea4e109388353, type: 3}
--- !u!4 &6249790151273810321 stripped
Transform:
  m_CorrespondingSourceObject: {fileID: -8679921383154817045, guid: 69886ead842688e47b3ea4e109388353,
    type: 3}
  m_PrefabInstance: {fileID: 5850473311868579450}
  m_PrefabAsset: {fileID: 0}
--- !u!1 &6679989792467835812 stripped
GameObject:
  m_CorrespondingSourceObject: {fileID: 974212554430854622, guid: 69886ead842688e47b3ea4e109388353,
    type: 3}
  m_PrefabInstance: {fileID: 5850473311868579450}
  m_PrefabAsset: {fileID: 0}
--- !u!54 &751870831570969806
Rigidbody:
  m_ObjectHideFlags: 0
  m_CorrespondingSourceObject: {fileID: 0}
  m_PrefabInstance: {fileID: 0}
  m_PrefabAsset: {fileID: 0}
  m_GameObject: {fileID: 6679989792467835812}
  serializedVersion: 2
  m_Mass: 1
  m_Drag: 0
  m_AngularDrag: 0.05
  m_UseGravity: 1
  m_IsKinematic: 0
  m_Interpolate: 0
  m_Constraints: 0
  m_CollisionDetection: 1
--- !u!64 &1240049433564333399
MeshCollider:
  m_ObjectHideFlags: 0
  m_CorrespondingSourceObject: {fileID: 0}
  m_PrefabInstance: {fileID: 0}
  m_PrefabAsset: {fileID: 0}
  m_GameObject: {fileID: 6679989792467835812}
  m_Material: {fileID: 13400000, guid: ab779fa15851ceca88edb4c3f14f1f0e, type: 2}
  m_IsTrigger: 0
  m_Enabled: 1
  serializedVersion: 4
  m_Convex: 1
  m_CookingOptions: -1
  m_Mesh: {fileID: -4202932474834257880, guid: 69886ead842688e47b3ea4e109388353, type: 3}
--- !u!1 &6811773344996283869 stripped
GameObject:
  m_CorrespondingSourceObject: {fileID: 1133017864726264743, guid: 69886ead842688e47b3ea4e109388353,
    type: 3}
  m_PrefabInstance: {fileID: 5850473311868579450}
  m_PrefabAsset: {fileID: 0}
--- !u!54 &7844704787366428658
Rigidbody:
  m_ObjectHideFlags: 0
  m_CorrespondingSourceObject: {fileID: 0}
  m_PrefabInstance: {fileID: 0}
  m_PrefabAsset: {fileID: 0}
  m_GameObject: {fileID: 6811773344996283869}
  serializedVersion: 2
  m_Mass: 1
  m_Drag: 0
  m_AngularDrag: 0.05
  m_UseGravity: 1
  m_IsKinematic: 0
  m_Interpolate: 0
  m_Constraints: 0
  m_CollisionDetection: 1
--- !u!64 &2355201199382023557
MeshCollider:
  m_ObjectHideFlags: 0
  m_CorrespondingSourceObject: {fileID: 0}
  m_PrefabInstance: {fileID: 0}
  m_PrefabAsset: {fileID: 0}
  m_GameObject: {fileID: 6811773344996283869}
  m_Material: {fileID: 13400000, guid: ab779fa15851ceca88edb4c3f14f1f0e, type: 2}
  m_IsTrigger: 0
  m_Enabled: 1
  serializedVersion: 4
  m_Convex: 1
  m_CookingOptions: -1
  m_Mesh: {fileID: -7931371261378412016, guid: 69886ead842688e47b3ea4e109388353, type: 3}
--- !u!1 &7638745277469516363 stripped
GameObject:
  m_CorrespondingSourceObject: {fileID: -4957539457015804879, guid: 69886ead842688e47b3ea4e109388353,
    type: 3}
  m_PrefabInstance: {fileID: 5850473311868579450}
  m_PrefabAsset: {fileID: 0}
--- !u!54 &4490304125701812285
Rigidbody:
  m_ObjectHideFlags: 0
  m_CorrespondingSourceObject: {fileID: 0}
  m_PrefabInstance: {fileID: 0}
  m_PrefabAsset: {fileID: 0}
  m_GameObject: {fileID: 7638745277469516363}
  serializedVersion: 2
  m_Mass: 1
  m_Drag: 0
  m_AngularDrag: 0.05
  m_UseGravity: 1
  m_IsKinematic: 0
  m_Interpolate: 0
  m_Constraints: 0
  m_CollisionDetection: 1
--- !u!64 &7273801513126763435
MeshCollider:
  m_ObjectHideFlags: 0
  m_CorrespondingSourceObject: {fileID: 0}
  m_PrefabInstance: {fileID: 0}
  m_PrefabAsset: {fileID: 0}
  m_GameObject: {fileID: 7638745277469516363}
  m_Material: {fileID: 13400000, guid: ab779fa15851ceca88edb4c3f14f1f0e, type: 2}
  m_IsTrigger: 0
  m_Enabled: 1
  serializedVersion: 4
  m_Convex: 1
  m_CookingOptions: -1
  m_Mesh: {fileID: 597940496678202896, guid: 69886ead842688e47b3ea4e109388353, type: 3}
--- !u!1 &8337820641699860340 stripped
GameObject:
  m_CorrespondingSourceObject: {fileID: -6735997698104303346, guid: 69886ead842688e47b3ea4e109388353,
    type: 3}
  m_PrefabInstance: {fileID: 5850473311868579450}
  m_PrefabAsset: {fileID: 0}
--- !u!54 &1056828767746981029
Rigidbody:
  m_ObjectHideFlags: 0
  m_CorrespondingSourceObject: {fileID: 0}
  m_PrefabInstance: {fileID: 0}
  m_PrefabAsset: {fileID: 0}
  m_GameObject: {fileID: 8337820641699860340}
  serializedVersion: 2
  m_Mass: 1
  m_Drag: 0
  m_AngularDrag: 0.05
  m_UseGravity: 1
  m_IsKinematic: 0
  m_Interpolate: 0
  m_Constraints: 0
  m_CollisionDetection: 1
--- !u!64 &1880308356531740693
MeshCollider:
  m_ObjectHideFlags: 0
  m_CorrespondingSourceObject: {fileID: 0}
  m_PrefabInstance: {fileID: 0}
  m_PrefabAsset: {fileID: 0}
  m_GameObject: {fileID: 8337820641699860340}
  m_Material: {fileID: 13400000, guid: ab779fa15851ceca88edb4c3f14f1f0e, type: 2}
  m_IsTrigger: 0
  m_Enabled: 1
  serializedVersion: 4
  m_Convex: 1
  m_CookingOptions: -1
  m_Mesh: {fileID: -8943534756943811744, guid: 69886ead842688e47b3ea4e109388353, type: 3}
--- !u!1001 &7582560505196429443
PrefabInstance:
  m_ObjectHideFlags: 0
  serializedVersion: 2
  m_Modification:
    serializedVersion: 2
    m_TransformParent: {fileID: 2500698851552441481}
    m_Modifications:
    - target: {fileID: 690853725322408055, guid: 481a57b47560233898d3a13d3483431d,
        type: 3}
      propertyPath: m_RootOrder
      value: 1
      objectReference: {fileID: 0}
    - target: {fileID: 690853725322408055, guid: 481a57b47560233898d3a13d3483431d,
        type: 3}
      propertyPath: m_LocalPosition.x
      value: 0
      objectReference: {fileID: 0}
    - target: {fileID: 690853725322408055, guid: 481a57b47560233898d3a13d3483431d,
        type: 3}
      propertyPath: m_LocalPosition.y
      value: 0
      objectReference: {fileID: 0}
    - target: {fileID: 690853725322408055, guid: 481a57b47560233898d3a13d3483431d,
        type: 3}
      propertyPath: m_LocalPosition.z
      value: 8
      objectReference: {fileID: 0}
    - target: {fileID: 690853725322408055, guid: 481a57b47560233898d3a13d3483431d,
        type: 3}
      propertyPath: m_LocalRotation.w
      value: 1
      objectReference: {fileID: 0}
    - target: {fileID: 690853725322408055, guid: 481a57b47560233898d3a13d3483431d,
        type: 3}
      propertyPath: m_LocalRotation.x
      value: 0
      objectReference: {fileID: 0}
    - target: {fileID: 690853725322408055, guid: 481a57b47560233898d3a13d3483431d,
        type: 3}
      propertyPath: m_LocalRotation.y
      value: 0
      objectReference: {fileID: 0}
    - target: {fileID: 690853725322408055, guid: 481a57b47560233898d3a13d3483431d,
        type: 3}
      propertyPath: m_LocalRotation.z
      value: 0
      objectReference: {fileID: 0}
    - target: {fileID: 690853725322408055, guid: 481a57b47560233898d3a13d3483431d,
        type: 3}
      propertyPath: m_LocalEulerAnglesHint.x
      value: 0
      objectReference: {fileID: 0}
    - target: {fileID: 690853725322408055, guid: 481a57b47560233898d3a13d3483431d,
        type: 3}
      propertyPath: m_LocalEulerAnglesHint.y
      value: 0
      objectReference: {fileID: 0}
    - target: {fileID: 690853725322408055, guid: 481a57b47560233898d3a13d3483431d,
        type: 3}
      propertyPath: m_LocalEulerAnglesHint.z
      value: 0
      objectReference: {fileID: 0}
    - target: {fileID: 1699330912834654748, guid: 481a57b47560233898d3a13d3483431d,
        type: 3}
      propertyPath: energy
      value: 0
      objectReference: {fileID: 0}
    - target: {fileID: 1699330912834654748, guid: 481a57b47560233898d3a13d3483431d,
        type: 3}
      propertyPath: cooldown
      value: 2
      objectReference: {fileID: 0}
    - target: {fileID: 1699330912834654748, guid: 481a57b47560233898d3a13d3483431d,
        type: 3}
      propertyPath: ammoCapacity
      value: 99999999
      objectReference: {fileID: 0}
    - target: {fileID: 3673005544144559553, guid: 481a57b47560233898d3a13d3483431d,
        type: 3}
      propertyPath: m_Materials.Array.data[0]
      value: 
      objectReference: {fileID: 2100000, guid: f63c576739a709747a1a571260d4fabd, type: 2}
    - target: {fileID: 3673005544144559553, guid: 481a57b47560233898d3a13d3483431d,
        type: 3}
      propertyPath: m_Parameters.colorGradient.key0.g
      value: 0.7372549
      objectReference: {fileID: 0}
    - target: {fileID: 3673005544144559553, guid: 481a57b47560233898d3a13d3483431d,
        type: 3}
      propertyPath: m_Parameters.colorGradient.key0.r
      value: 0.023529412
      objectReference: {fileID: 0}
    - target: {fileID: 3673005544144559553, guid: 481a57b47560233898d3a13d3483431d,
        type: 3}
      propertyPath: m_Parameters.colorGradient.key1.g
      value: 0.7372549
      objectReference: {fileID: 0}
    - target: {fileID: 3673005544144559553, guid: 481a57b47560233898d3a13d3483431d,
        type: 3}
      propertyPath: m_Parameters.colorGradient.key1.r
      value: 0.023529412
      objectReference: {fileID: 0}
    - target: {fileID: 5498486527696617718, guid: 481a57b47560233898d3a13d3483431d,
        type: 3}
      propertyPath: m_Name
      value: RailGun
      objectReference: {fileID: 0}
    - target: {fileID: 5498486527696617718, guid: 481a57b47560233898d3a13d3483431d,
        type: 3}
      propertyPath: m_IsActive
      value: 1
      objectReference: {fileID: 0}
    - target: {fileID: 7401431272505877100, guid: 481a57b47560233898d3a13d3483431d,
        type: 3}
      propertyPath: maxDamage
      value: 20
      objectReference: {fileID: 0}
    - target: {fileID: 7401431272505877100, guid: 481a57b47560233898d3a13d3483431d,
        type: 3}
      propertyPath: minDamage
      value: 20
      objectReference: {fileID: 0}
    - target: {fileID: 7401431272505877100, guid: 481a57b47560233898d3a13d3483431d,
        type: 3}
      propertyPath: maxRangeDamage
      value: 999999
      objectReference: {fileID: 0}
    - target: {fileID: 7401431272505877100, guid: 481a57b47560233898d3a13d3483431d,
        type: 3}
      propertyPath: minRangeDamage
      value: 1
      objectReference: {fileID: 0}
    m_RemovedComponents: []
    m_AddedGameObjects: []
  m_SourcePrefab: {fileID: 100100000, guid: 481a57b47560233898d3a13d3483431d, type: 3}
--- !u!4 &6966168499089256692 stripped
Transform:
  m_CorrespondingSourceObject: {fileID: 690853725322408055, guid: 481a57b47560233898d3a13d3483431d,
    type: 3}
  m_PrefabInstance: {fileID: 7582560505196429443}
  m_PrefabAsset: {fileID: 0}
