%YAML 1.1
%TAG !u! tag:unity3d.com,2011:
--- !u!1 &471602892777063092
GameObject:
  m_ObjectHideFlags: 0
  m_CorrespondingSourceObject: {fileID: 0}
  m_PrefabInstance: {fileID: 0}
  m_PrefabAsset: {fileID: 0}
  serializedVersion: 6
  m_Component:
  - component: {fileID: 4605288225309823677}
  m_Layer: 0
  m_Name: Left
  m_TagString: Untagged
  m_Icon: {fileID: 0}
  m_NavMeshLayer: 0
  m_StaticEditorFlags: 0
  m_IsActive: 1
--- !u!4 &4605288225309823677
Transform:
  m_ObjectHideFlags: 0
  m_CorrespondingSourceObject: {fileID: 0}
  m_PrefabInstance: {fileID: 0}
  m_PrefabAsset: {fileID: 0}
  m_GameObject: {fileID: 471602892777063092}
  serializedVersion: 2
  m_LocalRotation: {x: 0, y: 0, z: 0, w: 1}
  m_LocalPosition: {x: -23, y: 0, z: 20}
  m_LocalScale: {x: 1, y: 1, z: 1}
  m_ConstrainProportionsScale: 0
  m_Children: []
  m_Father: {fileID: 7226869864913792592}
  m_LocalEulerAnglesHint: {x: 0, y: 0, z: 0}
--- !u!1 &1848941753036389206
GameObject:
  m_ObjectHideFlags: 0
  m_CorrespondingSourceObject: {fileID: 0}
  m_PrefabInstance: {fileID: 0}
  m_PrefabAsset: {fileID: 0}
  serializedVersion: 6
  m_Component:
  - component: {fileID: 1503762567236915703}
  m_Layer: 0
  m_Name: CollisionPointLeft
  m_TagString: Untagged
  m_Icon: {fileID: 0}
  m_NavMeshLayer: 0
  m_StaticEditorFlags: 0
  m_IsActive: 1
--- !u!4 &1503762567236915703
Transform:
  m_ObjectHideFlags: 0
  m_CorrespondingSourceObject: {fileID: 0}
  m_PrefabInstance: {fileID: 0}
  m_PrefabAsset: {fileID: 0}
  m_GameObject: {fileID: 1848941753036389206}
  serializedVersion: 2
  m_LocalRotation: {x: 0, y: 0, z: 0, w: 1}
  m_LocalPosition: {x: -1.352, y: 0, z: 0.5}
  m_LocalScale: {x: 1, y: 1, z: 1}
  m_ConstrainProportionsScale: 0
  m_Children: []
  m_Father: {fileID: 7932375088546221361}
  m_LocalEulerAnglesHint: {x: 0, y: 0, z: 0}
--- !u!1 &3588581146830662510
GameObject:
  m_ObjectHideFlags: 0
  m_CorrespondingSourceObject: {fileID: 0}
  m_PrefabInstance: {fileID: 0}
  m_PrefabAsset: {fileID: 0}
  serializedVersion: 6
  m_Component:
  - component: {fileID: 6897529633987293313}
  m_Layer: 0
  m_Name: CollisionPointRight
  m_TagString: Untagged
  m_Icon: {fileID: 0}
  m_NavMeshLayer: 0
  m_StaticEditorFlags: 0
  m_IsActive: 1
--- !u!4 &6897529633987293313
Transform:
  m_ObjectHideFlags: 0
  m_CorrespondingSourceObject: {fileID: 0}
  m_PrefabInstance: {fileID: 0}
  m_PrefabAsset: {fileID: 0}
  m_GameObject: {fileID: 3588581146830662510}
  serializedVersion: 2
  m_LocalRotation: {x: 0, y: 0, z: 0, w: 1}
  m_LocalPosition: {x: 1.325, y: 0, z: 0.5}
  m_LocalScale: {x: 1, y: 1, z: 1}
  m_ConstrainProportionsScale: 0
  m_Children: []
  m_Father: {fileID: 7932375088546221361}
  m_LocalEulerAnglesHint: {x: 0, y: 0, z: 0}
--- !u!1 &7526954806255395228
GameObject:
  m_ObjectHideFlags: 0
  m_CorrespondingSourceObject: {fileID: 0}
  m_PrefabInstance: {fileID: 0}
  m_PrefabAsset: {fileID: 0}
  serializedVersion: 6
  m_Component:
  - component: {fileID: 4499313061160410221}
  m_Layer: 0
  m_Name: Right
  m_TagString: Untagged
  m_Icon: {fileID: 0}
  m_NavMeshLayer: 0
  m_StaticEditorFlags: 0
  m_IsActive: 1
--- !u!4 &4499313061160410221
Transform:
  m_ObjectHideFlags: 0
  m_CorrespondingSourceObject: {fileID: 0}
  m_PrefabInstance: {fileID: 0}
  m_PrefabAsset: {fileID: 0}
  m_GameObject: {fileID: 7526954806255395228}
  serializedVersion: 2
  m_LocalRotation: {x: 0, y: 0, z: 0, w: 1}
  m_LocalPosition: {x: 22.14, y: 0, z: 19.77}
  m_LocalScale: {x: 1, y: 1, z: 1}
  m_ConstrainProportionsScale: 0
  m_Children: []
  m_Father: {fileID: 7226869864913792592}
  m_LocalEulerAnglesHint: {x: 0, y: 0, z: 0}
--- !u!1001 &1125795995043297871
PrefabInstance:
  m_ObjectHideFlags: 0
  serializedVersion: 2
  m_Modification:
    serializedVersion: 3
    m_TransformParent: {fileID: 0}
    m_Modifications:
    - target: {fileID: 127571494660568800, guid: 63acedbd6c3e1614b9e6c6a416791b2e,
        type: 3}
      propertyPath: m_LocalScale.x
      value: 2
      objectReference: {fileID: 0}
    - target: {fileID: 127571494660568800, guid: 63acedbd6c3e1614b9e6c6a416791b2e,
        type: 3}
      propertyPath: m_LocalScale.y
      value: 2
      objectReference: {fileID: 0}
    - target: {fileID: 127571494660568800, guid: 63acedbd6c3e1614b9e6c6a416791b2e,
        type: 3}
      propertyPath: m_LocalScale.z
      value: 2
      objectReference: {fileID: 0}
    - target: {fileID: 127571494660568800, guid: 63acedbd6c3e1614b9e6c6a416791b2e,
        type: 3}
      propertyPath: m_LocalPosition.z
      value: 0.37700003
      objectReference: {fileID: 0}
    - target: {fileID: 586011029109470633, guid: 63acedbd6c3e1614b9e6c6a416791b2e,
        type: 3}
      propertyPath: m_Layer
      value: 2
      objectReference: {fileID: 0}
    - target: {fileID: 1569449697642226252, guid: 63acedbd6c3e1614b9e6c6a416791b2e,
        type: 3}
      propertyPath: m_LocalScale.x
      value: 2
      objectReference: {fileID: 0}
    - target: {fileID: 1569449697642226252, guid: 63acedbd6c3e1614b9e6c6a416791b2e,
        type: 3}
      propertyPath: m_LocalScale.y
      value: 2
      objectReference: {fileID: 0}
    - target: {fileID: 1569449697642226252, guid: 63acedbd6c3e1614b9e6c6a416791b2e,
        type: 3}
      propertyPath: m_LocalScale.z
      value: 2
      objectReference: {fileID: 0}
    - target: {fileID: 1569449697642226252, guid: 63acedbd6c3e1614b9e6c6a416791b2e,
        type: 3}
      propertyPath: m_LocalPosition.z
      value: 0.37700003
      objectReference: {fileID: 0}
    - target: {fileID: 1988918131508694940, guid: 63acedbd6c3e1614b9e6c6a416791b2e,
        type: 3}
      propertyPath: standardModel
      value: 
      objectReference: {fileID: 8238141929483907737}
    - target: {fileID: 1988918131508694940, guid: 63acedbd6c3e1614b9e6c6a416791b2e,
        type: 3}
      propertyPath: 'explosionTimes.Array.data[0]'
      value: 0.2
      objectReference: {fileID: 0}
    - target: {fileID: 1988918131508694940, guid: 63acedbd6c3e1614b9e6c6a416791b2e,
        type: 3}
      propertyPath: 'explosionTimes.Array.data[1]'
      value: 0.5
      objectReference: {fileID: 0}
    - target: {fileID: 1988918131508694940, guid: 63acedbd6c3e1614b9e6c6a416791b2e,
        type: 3}
      propertyPath: 'explosionTimes.Array.data[2]'
      value: 0.9
      objectReference: {fileID: 0}
    - target: {fileID: 1988918131508694940, guid: 63acedbd6c3e1614b9e6c6a416791b2e,
        type: 3}
      propertyPath: 'explosionTimes.Array.data[3]'
      value: 1.3
      objectReference: {fileID: 0}
    - target: {fileID: 1988918131508694940, guid: 63acedbd6c3e1614b9e6c6a416791b2e,
        type: 3}
      propertyPath: 'explosionTimes.Array.data[4]'
      value: 1.8
      objectReference: {fileID: 0}
    - target: {fileID: 1988918131508694940, guid: 63acedbd6c3e1614b9e6c6a416791b2e,
        type: 3}
      propertyPath: 'explosionTimes.Array.data[5]'
      value: 2.1
      objectReference: {fileID: 0}
    - target: {fileID: 1988918131508694940, guid: 63acedbd6c3e1614b9e6c6a416791b2e,
        type: 3}
      propertyPath: 'explosionTimes.Array.data[6]'
      value: 2.4
      objectReference: {fileID: 0}
    - target: {fileID: 1988918131508694940, guid: 63acedbd6c3e1614b9e6c6a416791b2e,
        type: 3}
      propertyPath: 'explosionTimes.Array.data[7]'
      value: 2.7
      objectReference: {fileID: 0}
    - target: {fileID: 1988918131508694940, guid: 63acedbd6c3e1614b9e6c6a416791b2e,
        type: 3}
      propertyPath: destructionElements.Array.size
      value: 7
      objectReference: {fileID: 0}
    - target: {fileID: 1988918131508694940, guid: 63acedbd6c3e1614b9e6c6a416791b2e,
        type: 3}
      propertyPath: 'destructionElements.Array.data[0]'
      value: 
      objectReference: {fileID: 2485907764787873797}
    - target: {fileID: 1988918131508694940, guid: 63acedbd6c3e1614b9e6c6a416791b2e,
        type: 3}
      propertyPath: 'destructionElements.Array.data[1]'
      value: 
      objectReference: {fileID: 8026799201617512337}
    - target: {fileID: 1988918131508694940, guid: 63acedbd6c3e1614b9e6c6a416791b2e,
        type: 3}
      propertyPath: 'destructionElements.Array.data[2]'
      value: 
      objectReference: {fileID: 3522491777463099289}
    - target: {fileID: 1988918131508694940, guid: 63acedbd6c3e1614b9e6c6a416791b2e,
        type: 3}
      propertyPath: 'destructionElements.Array.data[3]'
      value: 
      objectReference: {fileID: 4125051531085017322}
    - target: {fileID: 1988918131508694940, guid: 63acedbd6c3e1614b9e6c6a416791b2e,
        type: 3}
      propertyPath: 'destructionElements.Array.data[4]'
      value: 
      objectReference: {fileID: 1113850870524778451}
    - target: {fileID: 1988918131508694940, guid: 63acedbd6c3e1614b9e6c6a416791b2e,
        type: 3}
      propertyPath: 'destructionElements.Array.data[5]'
      value: 
      objectReference: {fileID: 6898559208780943911}
    - target: {fileID: 1988918131508694940, guid: 63acedbd6c3e1614b9e6c6a416791b2e,
        type: 3}
      propertyPath: 'destructionElements.Array.data[6]'
      value: 
      objectReference: {fileID: 1496079372807220886}
    - target: {fileID: 2027493237119099141, guid: 63acedbd6c3e1614b9e6c6a416791b2e,
        type: 3}
      propertyPath: m_Layer
      value: 2
      objectReference: {fileID: 0}
    - target: {fileID: 3487736114659637752, guid: 63acedbd6c3e1614b9e6c6a416791b2e,
        type: 3}
      propertyPath: m_LocalScale.x
      value: 2
      objectReference: {fileID: 0}
    - target: {fileID: 3487736114659637752, guid: 63acedbd6c3e1614b9e6c6a416791b2e,
        type: 3}
      propertyPath: m_LocalScale.y
      value: 2
      objectReference: {fileID: 0}
    - target: {fileID: 3487736114659637752, guid: 63acedbd6c3e1614b9e6c6a416791b2e,
        type: 3}
      propertyPath: m_LocalScale.z
      value: 2
      objectReference: {fileID: 0}
    - target: {fileID: 3487736114659637752, guid: 63acedbd6c3e1614b9e6c6a416791b2e,
        type: 3}
      propertyPath: m_LocalPosition.z
      value: 0.37700003
      objectReference: {fileID: 0}
    - target: {fileID: 3571324173294832030, guid: 63acedbd6c3e1614b9e6c6a416791b2e,
        type: 3}
      propertyPath: m_Layer
      value: 2
      objectReference: {fileID: 0}
    - target: {fileID: 3709449195444477607, guid: 63acedbd6c3e1614b9e6c6a416791b2e,
        type: 3}
      propertyPath: shieldScaleFactor
      value: 20
      objectReference: {fileID: 0}
    - target: {fileID: 3709449195444477607, guid: 63acedbd6c3e1614b9e6c6a416791b2e,
        type: 3}
      propertyPath: efficientWeaponType
      value: 1
      objectReference: {fileID: 0}
    - target: {fileID: 3800183043803083942, guid: 63acedbd6c3e1614b9e6c6a416791b2e,
        type: 3}
      propertyPath: m_LocalScale.x
      value: 2
      objectReference: {fileID: 0}
    - target: {fileID: 3800183043803083942, guid: 63acedbd6c3e1614b9e6c6a416791b2e,
        type: 3}
      propertyPath: m_LocalScale.y
      value: 2
      objectReference: {fileID: 0}
    - target: {fileID: 3800183043803083942, guid: 63acedbd6c3e1614b9e6c6a416791b2e,
        type: 3}
      propertyPath: m_LocalScale.z
      value: 2
      objectReference: {fileID: 0}
    - target: {fileID: 3800183043803083942, guid: 63acedbd6c3e1614b9e6c6a416791b2e,
        type: 3}
      propertyPath: m_LocalPosition.z
      value: 0.37700003
      objectReference: {fileID: 0}
    - target: {fileID: 3834599953672595537, guid: 63acedbd6c3e1614b9e6c6a416791b2e,
        type: 3}
      propertyPath: shields
      value: 60
      objectReference: {fileID: 0}
    - target: {fileID: 3834599953672595537, guid: 63acedbd6c3e1614b9e6c6a416791b2e,
        type: 3}
      propertyPath: hitPoints
      value: 60
      objectReference: {fileID: 0}
    - target: {fileID: 3834599953672595537, guid: 63acedbd6c3e1614b9e6c6a416791b2e,
        type: 3}
      propertyPath: shieldRegeneration
      value: 1
      objectReference: {fileID: 0}
    - target: {fileID: 4000672903656470686, guid: 63acedbd6c3e1614b9e6c6a416791b2e,
        type: 3}
      propertyPath: m_Mass
      value: 0.6
      objectReference: {fileID: 0}
    - target: {fileID: 4065395993388223191, guid: 63acedbd6c3e1614b9e6c6a416791b2e,
        type: 3}
      propertyPath: m_LocalScale.x
      value: 2
      objectReference: {fileID: 0}
    - target: {fileID: 4065395993388223191, guid: 63acedbd6c3e1614b9e6c6a416791b2e,
        type: 3}
      propertyPath: m_LocalScale.y
      value: 2
      objectReference: {fileID: 0}
    - target: {fileID: 4065395993388223191, guid: 63acedbd6c3e1614b9e6c6a416791b2e,
        type: 3}
      propertyPath: m_LocalScale.z
      value: 2
      objectReference: {fileID: 0}
    - target: {fileID: 4065395993388223191, guid: 63acedbd6c3e1614b9e6c6a416791b2e,
        type: 3}
      propertyPath: m_LocalPosition.z
      value: 0.37700003
      objectReference: {fileID: 0}
    - target: {fileID: 4143938311542815409, guid: 63acedbd6c3e1614b9e6c6a416791b2e,
        type: 3}
      propertyPath: m_Layer
      value: 2
      objectReference: {fileID: 0}
    - target: {fileID: 4420320607601358831, guid: 63acedbd6c3e1614b9e6c6a416791b2e,
        type: 3}
      propertyPath: m_Layer
      value: 2
      objectReference: {fileID: 0}
    - target: {fileID: 4893822832860778209, guid: 63acedbd6c3e1614b9e6c6a416791b2e,
        type: 3}
      propertyPath: m_LocalScale.x
      value: 2
      objectReference: {fileID: 0}
    - target: {fileID: 4893822832860778209, guid: 63acedbd6c3e1614b9e6c6a416791b2e,
        type: 3}
      propertyPath: m_LocalScale.y
      value: 2
      objectReference: {fileID: 0}
    - target: {fileID: 4893822832860778209, guid: 63acedbd6c3e1614b9e6c6a416791b2e,
        type: 3}
      propertyPath: m_LocalScale.z
      value: 2
      objectReference: {fileID: 0}
    - target: {fileID: 4893822832860778209, guid: 63acedbd6c3e1614b9e6c6a416791b2e,
        type: 3}
      propertyPath: m_LocalPosition.z
      value: 0.37700003
      objectReference: {fileID: 0}
    - target: {fileID: 5336358207435460008, guid: 63acedbd6c3e1614b9e6c6a416791b2e,
        type: 3}
      propertyPath: m_Layer
      value: 2
      objectReference: {fileID: 0}
    - target: {fileID: 5488375328983023462, guid: 63acedbd6c3e1614b9e6c6a416791b2e,
        type: 3}
      propertyPath: title
      value: Harbinger
      objectReference: {fileID: 0}
    - target: {fileID: 5488375328983023462, guid: 63acedbd6c3e1614b9e6c6a416791b2e,
        type: 3}
      propertyPath: maxStrafeSpeed
      value: 20
      objectReference: {fileID: 0}
    - target: {fileID: 5488375328983023462, guid: 63acedbd6c3e1614b9e6c6a416791b2e,
        type: 3}
      propertyPath: maxForwardSpeed
      value: 70
      objectReference: {fileID: 0}
    - target: {fileID: 6327994787215345005, guid: 63acedbd6c3e1614b9e6c6a416791b2e,
        type: 3}
      propertyPath: m_Name
      value: BotShipHarbinger
      objectReference: {fileID: 0}
    - target: {fileID: 7028663693217396606, guid: 63acedbd6c3e1614b9e6c6a416791b2e,
        type: 3}
      propertyPath: m_RootOrder
      value: 0
      objectReference: {fileID: 0}
    - target: {fileID: 7028663693217396606, guid: 63acedbd6c3e1614b9e6c6a416791b2e,
        type: 3}
      propertyPath: m_LocalScale.x
      value: 18
      objectReference: {fileID: 0}
    - target: {fileID: 7028663693217396606, guid: 63acedbd6c3e1614b9e6c6a416791b2e,
        type: 3}
      propertyPath: m_LocalScale.y
      value: 18
      objectReference: {fileID: 0}
    - target: {fileID: 7028663693217396606, guid: 63acedbd6c3e1614b9e6c6a416791b2e,
        type: 3}
      propertyPath: m_LocalScale.z
      value: 18
      objectReference: {fileID: 0}
    - target: {fileID: 7028663693217396606, guid: 63acedbd6c3e1614b9e6c6a416791b2e,
        type: 3}
      propertyPath: m_LocalPosition.x
      value: 0
      objectReference: {fileID: 0}
    - target: {fileID: 7028663693217396606, guid: 63acedbd6c3e1614b9e6c6a416791b2e,
        type: 3}
      propertyPath: m_LocalPosition.y
      value: 0
      objectReference: {fileID: 0}
    - target: {fileID: 7028663693217396606, guid: 63acedbd6c3e1614b9e6c6a416791b2e,
        type: 3}
      propertyPath: m_LocalPosition.z
      value: 0
      objectReference: {fileID: 0}
    - target: {fileID: 7028663693217396606, guid: 63acedbd6c3e1614b9e6c6a416791b2e,
        type: 3}
      propertyPath: m_LocalRotation.w
      value: 1
      objectReference: {fileID: 0}
    - target: {fileID: 7028663693217396606, guid: 63acedbd6c3e1614b9e6c6a416791b2e,
        type: 3}
      propertyPath: m_LocalRotation.x
      value: 0
      objectReference: {fileID: 0}
    - target: {fileID: 7028663693217396606, guid: 63acedbd6c3e1614b9e6c6a416791b2e,
        type: 3}
      propertyPath: m_LocalRotation.y
      value: 0
      objectReference: {fileID: 0}
    - target: {fileID: 7028663693217396606, guid: 63acedbd6c3e1614b9e6c6a416791b2e,
        type: 3}
      propertyPath: m_LocalRotation.z
      value: 0
      objectReference: {fileID: 0}
    - target: {fileID: 7028663693217396606, guid: 63acedbd6c3e1614b9e6c6a416791b2e,
        type: 3}
      propertyPath: m_LocalEulerAnglesHint.x
      value: 0
      objectReference: {fileID: 0}
    - target: {fileID: 7028663693217396606, guid: 63acedbd6c3e1614b9e6c6a416791b2e,
        type: 3}
      propertyPath: m_LocalEulerAnglesHint.y
      value: 0
      objectReference: {fileID: 0}
    - target: {fileID: 7028663693217396606, guid: 63acedbd6c3e1614b9e6c6a416791b2e,
        type: 3}
      propertyPath: m_LocalEulerAnglesHint.z
      value: 0
      objectReference: {fileID: 0}
    - target: {fileID: 7043631174687606867, guid: 63acedbd6c3e1614b9e6c6a416791b2e,
        type: 3}
      propertyPath: botWeapon
      value: 
      objectReference: {fileID: 9034861980863144260}
    - target: {fileID: 7043631174687606867, guid: 63acedbd6c3e1614b9e6c6a416791b2e,
        type: 3}
      propertyPath: botWeapons.Array.size
      value: 2
      objectReference: {fileID: 0}
    - target: {fileID: 7043631174687606867, guid: 63acedbd6c3e1614b9e6c6a416791b2e,
        type: 3}
      propertyPath: 'botWeapons.Array.data[0]'
      value: 
      objectReference: {fileID: 9034861980863144260}
    - target: {fileID: 7043631174687606867, guid: 63acedbd6c3e1614b9e6c6a416791b2e,
        type: 3}
      propertyPath: 'botWeapons.Array.data[1]'
      value: 
      objectReference: {fileID: 0}
    - target: {fileID: 7191030140685041655, guid: 63acedbd6c3e1614b9e6c6a416791b2e,
        type: 3}
      propertyPath: m_Layer
      value: 2
      objectReference: {fileID: 0}
    - target: {fileID: 7402656307562377044, guid: 63acedbd6c3e1614b9e6c6a416791b2e,
        type: 3}
      propertyPath: m_LocalScale.x
      value: 2
      objectReference: {fileID: 0}
    - target: {fileID: 7402656307562377044, guid: 63acedbd6c3e1614b9e6c6a416791b2e,
        type: 3}
      propertyPath: m_LocalScale.y
      value: 2
      objectReference: {fileID: 0}
    - target: {fileID: 7402656307562377044, guid: 63acedbd6c3e1614b9e6c6a416791b2e,
        type: 3}
      propertyPath: m_LocalScale.z
      value: 2
      objectReference: {fileID: 0}
    - target: {fileID: 7402656307562377044, guid: 63acedbd6c3e1614b9e6c6a416791b2e,
        type: 3}
      propertyPath: m_LocalPosition.z
      value: 0.37700003
      objectReference: {fileID: 0}
    - target: {fileID: 7651474634790550718, guid: 63acedbd6c3e1614b9e6c6a416791b2e,
        type: 3}
      propertyPath: m_LocalScale.x
      value: 2
      objectReference: {fileID: 0}
    - target: {fileID: 7651474634790550718, guid: 63acedbd6c3e1614b9e6c6a416791b2e,
        type: 3}
      propertyPath: m_LocalScale.y
      value: 2
      objectReference: {fileID: 0}
    - target: {fileID: 7651474634790550718, guid: 63acedbd6c3e1614b9e6c6a416791b2e,
        type: 3}
      propertyPath: m_LocalScale.z
      value: 2
      objectReference: {fileID: 0}
    - target: {fileID: 7651474634790550718, guid: 63acedbd6c3e1614b9e6c6a416791b2e,
        type: 3}
      propertyPath: m_LocalPosition.z
      value: 0.377
      objectReference: {fileID: 0}
    - target: {fileID: 7880713360103442375, guid: 63acedbd6c3e1614b9e6c6a416791b2e,
        type: 3}
      propertyPath: collisionCheckPoints.Array.size
      value: 2
      objectReference: {fileID: 0}
    - target: {fileID: 7880713360103442375, guid: 63acedbd6c3e1614b9e6c6a416791b2e,
        type: 3}
      propertyPath: 'collisionCheckPoints.Array.data[0]'
      value: 
      objectReference: {fileID: 1848941753036389206}
    - target: {fileID: 7880713360103442375, guid: 63acedbd6c3e1614b9e6c6a416791b2e,
        type: 3}
      propertyPath: 'collisionCheckPoints.Array.data[1]'
      value: 
      objectReference: {fileID: 3588581146830662510}
    - target: {fileID: 8025221867914521629, guid: 63acedbd6c3e1614b9e6c6a416791b2e,
        type: 3}
      propertyPath: m_Layer
      value: 2
      objectReference: {fileID: 0}
    m_RemovedComponents:
    - {fileID: 3648864613366483972, guid: 63acedbd6c3e1614b9e6c6a416791b2e, type: 3}
    m_RemovedGameObjects: []
    m_AddedGameObjects:
    - targetCorrespondingSourceObject: {fileID: 7028663693217396606, guid: 63acedbd6c3e1614b9e6c6a416791b2e,
        type: 3}
      insertIndex: -1
      addedObject: {fileID: 7226869864913792592}
    - targetCorrespondingSourceObject: {fileID: 7028663693217396606, guid: 63acedbd6c3e1614b9e6c6a416791b2e,
        type: 3}
      insertIndex: -1
      addedObject: {fileID: 8725744908613445667}
    - targetCorrespondingSourceObject: {fileID: 7028663693217396606, guid: 63acedbd6c3e1614b9e6c6a416791b2e,
        type: 3}
      insertIndex: -1
      addedObject: {fileID: 1503762567236915703}
    - targetCorrespondingSourceObject: {fileID: 7028663693217396606, guid: 63acedbd6c3e1614b9e6c6a416791b2e,
        type: 3}
      insertIndex: -1
      addedObject: {fileID: 6897529633987293313}
    - targetCorrespondingSourceObject: {fileID: 7028663693217396606, guid: 63acedbd6c3e1614b9e6c6a416791b2e,
        type: 3}
      insertIndex: -1
      addedObject: {fileID: 7056173502987513360}
    m_AddedComponents: []
  m_SourcePrefab: {fileID: 100100000, guid: 63acedbd6c3e1614b9e6c6a416791b2e, type: 3}
--- !u!4 &7932375088546221361 stripped
Transform:
  m_CorrespondingSourceObject: {fileID: 7028663693217396606, guid: 63acedbd6c3e1614b9e6c6a416791b2e,
    type: 3}
  m_PrefabInstance: {fileID: 1125795995043297871}
  m_PrefabAsset: {fileID: 0}
--- !u!1001 &3131376618714135842
PrefabInstance:
  m_ObjectHideFlags: 0
  serializedVersion: 2
  m_Modification:
    serializedVersion: 3
    m_TransformParent: {fileID: 8725744908613445667}
    m_Modifications:
    - target: {fileID: 12858310493130557, guid: 8ab03921b6286fd4a853e219a4caa307,
        type: 3}
      propertyPath: m_LocalPosition.x
      value: -0.45
      objectReference: {fileID: 0}
    - target: {fileID: 12858310493130557, guid: 8ab03921b6286fd4a853e219a4caa307,
        type: 3}
      propertyPath: m_LocalPosition.y
      value: -0.02
      objectReference: {fileID: 0}
    - target: {fileID: 12858310493130557, guid: 8ab03921b6286fd4a853e219a4caa307,
        type: 3}
      propertyPath: m_LocalPosition.z
      value: -0.3
      objectReference: {fileID: 0}
    - target: {fileID: 12858310493130557, guid: 8ab03921b6286fd4a853e219a4caa307,
        type: 3}
      propertyPath: m_LocalRotation.w
      value: 1
      objectReference: {fileID: 0}
    - target: {fileID: 12858310493130557, guid: 8ab03921b6286fd4a853e219a4caa307,
        type: 3}
      propertyPath: m_LocalRotation.x
      value: 0
      objectReference: {fileID: 0}
    - target: {fileID: 12858310493130557, guid: 8ab03921b6286fd4a853e219a4caa307,
        type: 3}
      propertyPath: m_LocalRotation.y
      value: 0
      objectReference: {fileID: 0}
    - target: {fileID: 12858310493130557, guid: 8ab03921b6286fd4a853e219a4caa307,
        type: 3}
      propertyPath: m_LocalRotation.z
      value: 0
      objectReference: {fileID: 0}
    - target: {fileID: 12858310493130557, guid: 8ab03921b6286fd4a853e219a4caa307,
        type: 3}
      propertyPath: m_LocalEulerAnglesHint.x
      value: 0
      objectReference: {fileID: 0}
    - target: {fileID: 12858310493130557, guid: 8ab03921b6286fd4a853e219a4caa307,
        type: 3}
      propertyPath: m_LocalEulerAnglesHint.y
      value: 0
      objectReference: {fileID: 0}
    - target: {fileID: 12858310493130557, guid: 8ab03921b6286fd4a853e219a4caa307,
        type: 3}
      propertyPath: m_LocalEulerAnglesHint.z
      value: 0
      objectReference: {fileID: 0}
    - target: {fileID: 2771461794232737694, guid: 8ab03921b6286fd4a853e219a4caa307,
        type: 3}
      propertyPath: m_Name
      value: TrailLeft
      objectReference: {fileID: 0}
    m_RemovedComponents: []
    m_RemovedGameObjects: []
    m_AddedGameObjects: []
    m_AddedComponents: []
  m_SourcePrefab: {fileID: 100100000, guid: 8ab03921b6286fd4a853e219a4caa307, type: 3}
--- !u!4 &3123612346299298335 stripped
Transform:
  m_CorrespondingSourceObject: {fileID: 12858310493130557, guid: 8ab03921b6286fd4a853e219a4caa307,
    type: 3}
  m_PrefabInstance: {fileID: 3131376618714135842}
  m_PrefabAsset: {fileID: 0}
--- !u!1001 &4850373268877306788
PrefabInstance:
  m_ObjectHideFlags: 0
  serializedVersion: 2
  m_Modification:
    serializedVersion: 3
    m_TransformParent: {fileID: 8725744908613445667}
    m_Modifications:
    - target: {fileID: 12858310493130557, guid: 8ab03921b6286fd4a853e219a4caa307,
        type: 3}
      propertyPath: m_LocalPosition.x
      value: 0.45
      objectReference: {fileID: 0}
    - target: {fileID: 12858310493130557, guid: 8ab03921b6286fd4a853e219a4caa307,
        type: 3}
      propertyPath: m_LocalPosition.y
      value: -0.02
      objectReference: {fileID: 0}
    - target: {fileID: 12858310493130557, guid: 8ab03921b6286fd4a853e219a4caa307,
        type: 3}
      propertyPath: m_LocalPosition.z
      value: -0.3
      objectReference: {fileID: 0}
    - target: {fileID: 12858310493130557, guid: 8ab03921b6286fd4a853e219a4caa307,
        type: 3}
      propertyPath: m_LocalRotation.w
      value: 1
      objectReference: {fileID: 0}
    - target: {fileID: 12858310493130557, guid: 8ab03921b6286fd4a853e219a4caa307,
        type: 3}
      propertyPath: m_LocalRotation.x
      value: 0
      objectReference: {fileID: 0}
    - target: {fileID: 12858310493130557, guid: 8ab03921b6286fd4a853e219a4caa307,
        type: 3}
      propertyPath: m_LocalRotation.y
      value: 0
      objectReference: {fileID: 0}
    - target: {fileID: 12858310493130557, guid: 8ab03921b6286fd4a853e219a4caa307,
        type: 3}
      propertyPath: m_LocalRotation.z
      value: 0
      objectReference: {fileID: 0}
    - target: {fileID: 12858310493130557, guid: 8ab03921b6286fd4a853e219a4caa307,
        type: 3}
      propertyPath: m_LocalEulerAnglesHint.x
      value: 0
      objectReference: {fileID: 0}
    - target: {fileID: 12858310493130557, guid: 8ab03921b6286fd4a853e219a4caa307,
        type: 3}
      propertyPath: m_LocalEulerAnglesHint.y
      value: 0
      objectReference: {fileID: 0}
    - target: {fileID: 12858310493130557, guid: 8ab03921b6286fd4a853e219a4caa307,
        type: 3}
      propertyPath: m_LocalEulerAnglesHint.z
      value: 0
      objectReference: {fileID: 0}
    - target: {fileID: 2771461794232737694, guid: 8ab03921b6286fd4a853e219a4caa307,
        type: 3}
      propertyPath: m_Name
      value: TrailRight
      objectReference: {fileID: 0}
    m_RemovedComponents: []
    m_RemovedGameObjects: []
    m_AddedGameObjects: []
    m_AddedComponents: []
  m_SourcePrefab: {fileID: 100100000, guid: 8ab03921b6286fd4a853e219a4caa307, type: 3}
--- !u!4 &4855533897211028633 stripped
Transform:
  m_CorrespondingSourceObject: {fileID: 12858310493130557, guid: 8ab03921b6286fd4a853e219a4caa307,
    type: 3}
  m_PrefabInstance: {fileID: 4850373268877306788}
  m_PrefabAsset: {fileID: 0}
--- !u!1001 &7378630218550168059
PrefabInstance:
  m_ObjectHideFlags: 0
  serializedVersion: 2
  m_Modification:
    serializedVersion: 3
    m_TransformParent: {fileID: 7932375088546221361}
    m_Modifications:
    - target: {fileID: -8679921383154817045, guid: 8ffd37a6123cc3d42993d1d6256d4f88,
        type: 3}
      propertyPath: m_RootOrder
      value: 14
      objectReference: {fileID: 0}
    - target: {fileID: -8679921383154817045, guid: 8ffd37a6123cc3d42993d1d6256d4f88,
        type: 3}
      propertyPath: m_LocalPosition.x
      value: 0
      objectReference: {fileID: 0}
    - target: {fileID: -8679921383154817045, guid: 8ffd37a6123cc3d42993d1d6256d4f88,
        type: 3}
      propertyPath: m_LocalPosition.y
      value: 0
      objectReference: {fileID: 0}
    - target: {fileID: -8679921383154817045, guid: 8ffd37a6123cc3d42993d1d6256d4f88,
        type: 3}
      propertyPath: m_LocalPosition.z
      value: 0
      objectReference: {fileID: 0}
    - target: {fileID: -8679921383154817045, guid: 8ffd37a6123cc3d42993d1d6256d4f88,
        type: 3}
      propertyPath: m_LocalRotation.w
      value: 1
      objectReference: {fileID: 0}
    - target: {fileID: -8679921383154817045, guid: 8ffd37a6123cc3d42993d1d6256d4f88,
        type: 3}
      propertyPath: m_LocalRotation.x
      value: 0
      objectReference: {fileID: 0}
    - target: {fileID: -8679921383154817045, guid: 8ffd37a6123cc3d42993d1d6256d4f88,
        type: 3}
      propertyPath: m_LocalRotation.y
      value: 0
      objectReference: {fileID: 0}
    - target: {fileID: -8679921383154817045, guid: 8ffd37a6123cc3d42993d1d6256d4f88,
        type: 3}
      propertyPath: m_LocalRotation.z
      value: 0
      objectReference: {fileID: 0}
    - target: {fileID: -8679921383154817045, guid: 8ffd37a6123cc3d42993d1d6256d4f88,
        type: 3}
      propertyPath: m_LocalEulerAnglesHint.x
      value: 0
      objectReference: {fileID: 0}
    - target: {fileID: -8679921383154817045, guid: 8ffd37a6123cc3d42993d1d6256d4f88,
        type: 3}
      propertyPath: m_LocalEulerAnglesHint.y
      value: 0
      objectReference: {fileID: 0}
    - target: {fileID: -8679921383154817045, guid: 8ffd37a6123cc3d42993d1d6256d4f88,
        type: 3}
      propertyPath: m_LocalEulerAnglesHint.z
      value: 0
      objectReference: {fileID: 0}
    - target: {fileID: -8615308540786633839, guid: 8ffd37a6123cc3d42993d1d6256d4f88,
        type: 3}
      propertyPath: 'm_Materials.Array.data[0]'
      value: 
      objectReference: {fileID: 2100000, guid: e24b95da80758322db49a72f90194d52, type: 2}
    - target: {fileID: -7881467315269778696, guid: 8ffd37a6123cc3d42993d1d6256d4f88,
        type: 3}
      propertyPath: 'm_Materials.Array.data[0]'
      value: 
      objectReference: {fileID: 2100000, guid: e24b95da80758322db49a72f90194d52, type: 2}
    - target: {fileID: -1844989547634339696, guid: 8ffd37a6123cc3d42993d1d6256d4f88,
        type: 3}
      propertyPath: m_IsActive
      value: 0
      objectReference: {fileID: 0}
    - target: {fileID: 919132149155446097, guid: 8ffd37a6123cc3d42993d1d6256d4f88,
        type: 3}
      propertyPath: m_Name
      value: HarbingerDestruction
      objectReference: {fileID: 0}
    - target: {fileID: 919132149155446097, guid: 8ffd37a6123cc3d42993d1d6256d4f88,
        type: 3}
      propertyPath: m_IsActive
      value: 1
      objectReference: {fileID: 0}
    - target: {fileID: 1893466305309612074, guid: 8ffd37a6123cc3d42993d1d6256d4f88,
        type: 3}
      propertyPath: m_IsActive
      value: 0
      objectReference: {fileID: 0}
    - target: {fileID: 2387534054496794047, guid: 8ffd37a6123cc3d42993d1d6256d4f88,
        type: 3}
      propertyPath: m_IsActive
      value: 0
      objectReference: {fileID: 0}
    - target: {fileID: 2619354156409510438, guid: 8ffd37a6123cc3d42993d1d6256d4f88,
        type: 3}
      propertyPath: m_IsActive
      value: 0
      objectReference: {fileID: 0}
    - target: {fileID: 2679617367482215104, guid: 8ffd37a6123cc3d42993d1d6256d4f88,
        type: 3}
      propertyPath: m_IsActive
      value: 0
      objectReference: {fileID: 0}
    - target: {fileID: 5021853263211911783, guid: 8ffd37a6123cc3d42993d1d6256d4f88,
        type: 3}
      propertyPath: 'm_Materials.Array.data[0]'
      value: 
      objectReference: {fileID: 2100000, guid: e24b95da80758322db49a72f90194d52, type: 2}
    - target: {fileID: 5248217503276171841, guid: 8ffd37a6123cc3d42993d1d6256d4f88,
        type: 3}
      propertyPath: m_IsActive
      value: 0
      objectReference: {fileID: 0}
    - target: {fileID: 5390530524109717151, guid: 8ffd37a6123cc3d42993d1d6256d4f88,
        type: 3}
      propertyPath: 'm_Materials.Array.data[0]'
      value: 
      objectReference: {fileID: 2100000, guid: e24b95da80758322db49a72f90194d52, type: 2}
    - target: {fileID: 6995505156707866094, guid: 8ffd37a6123cc3d42993d1d6256d4f88,
        type: 3}
      propertyPath: 'm_Materials.Array.data[0]'
      value: 
      objectReference: {fileID: 2100000, guid: 492fc294a55e7acfd918dbcc1299ca19, type: 2}
    - target: {fileID: 8426526887814192093, guid: 8ffd37a6123cc3d42993d1d6256d4f88,
        type: 3}
      propertyPath: m_IsActive
      value: 0
      objectReference: {fileID: 0}
    - target: {fileID: 8831478616547921697, guid: 8ffd37a6123cc3d42993d1d6256d4f88,
        type: 3}
      propertyPath: 'm_Materials.Array.data[0]'
      value: 
      objectReference: {fileID: 2100000, guid: 492fc294a55e7acfd918dbcc1299ca19, type: 2}
    - target: {fileID: 8943239551975230478, guid: 8ffd37a6123cc3d42993d1d6256d4f88,
        type: 3}
      propertyPath: 'm_Materials.Array.data[0]'
      value: 
      objectReference: {fileID: 2100000, guid: e24b95da80758322db49a72f90194d52, type: 2}
    m_RemovedComponents: []
    m_RemovedGameObjects: []
    m_AddedGameObjects: []
    m_AddedComponents:
    - targetCorrespondingSourceObject: {fileID: 2679617367482215104, guid: 8ffd37a6123cc3d42993d1d6256d4f88,
        type: 3}
      insertIndex: -1
      addedObject: {fileID: 2485907764787873797}
    - targetCorrespondingSourceObject: {fileID: 2679617367482215104, guid: 8ffd37a6123cc3d42993d1d6256d4f88,
        type: 3}
      insertIndex: -1
      addedObject: {fileID: 8696440730118982272}
    - targetCorrespondingSourceObject: {fileID: 8426526887814192093, guid: 8ffd37a6123cc3d42993d1d6256d4f88,
        type: 3}
      insertIndex: -1
      addedObject: {fileID: 8026799201617512337}
    - targetCorrespondingSourceObject: {fileID: 8426526887814192093, guid: 8ffd37a6123cc3d42993d1d6256d4f88,
        type: 3}
      insertIndex: -1
      addedObject: {fileID: 1212552946375749098}
    - targetCorrespondingSourceObject: {fileID: 2619354156409510438, guid: 8ffd37a6123cc3d42993d1d6256d4f88,
        type: 3}
      insertIndex: -1
      addedObject: {fileID: 3522491777463099289}
    - targetCorrespondingSourceObject: {fileID: 2619354156409510438, guid: 8ffd37a6123cc3d42993d1d6256d4f88,
        type: 3}
      insertIndex: -1
      addedObject: {fileID: 4747370239837229823}
    - targetCorrespondingSourceObject: {fileID: 1893466305309612074, guid: 8ffd37a6123cc3d42993d1d6256d4f88,
        type: 3}
      insertIndex: -1
      addedObject: {fileID: 4125051531085017322}
    - targetCorrespondingSourceObject: {fileID: 1893466305309612074, guid: 8ffd37a6123cc3d42993d1d6256d4f88,
        type: 3}
      insertIndex: -1
      addedObject: {fileID: 5175722849009023789}
    - targetCorrespondingSourceObject: {fileID: 2387534054496794047, guid: 8ffd37a6123cc3d42993d1d6256d4f88,
        type: 3}
      insertIndex: -1
      addedObject: {fileID: 1113850870524778451}
    - targetCorrespondingSourceObject: {fileID: 2387534054496794047, guid: 8ffd37a6123cc3d42993d1d6256d4f88,
        type: 3}
      insertIndex: -1
      addedObject: {fileID: 5119870747118199758}
    - targetCorrespondingSourceObject: {fileID: 5248217503276171841, guid: 8ffd37a6123cc3d42993d1d6256d4f88,
        type: 3}
      insertIndex: -1
      addedObject: {fileID: 6898559208780943911}
    - targetCorrespondingSourceObject: {fileID: 5248217503276171841, guid: 8ffd37a6123cc3d42993d1d6256d4f88,
        type: 3}
      insertIndex: -1
      addedObject: {fileID: 8158509583944166983}
    - targetCorrespondingSourceObject: {fileID: -1844989547634339696, guid: 8ffd37a6123cc3d42993d1d6256d4f88,
        type: 3}
      insertIndex: -1
      addedObject: {fileID: 1496079372807220886}
    - targetCorrespondingSourceObject: {fileID: -1844989547634339696, guid: 8ffd37a6123cc3d42993d1d6256d4f88,
        type: 3}
      insertIndex: -1
      addedObject: {fileID: 7219381133871681715}
  m_SourcePrefab: {fileID: 100100000, guid: 8ffd37a6123cc3d42993d1d6256d4f88, type: 3}
--- !u!1 &966329110042987 stripped
GameObject:
  m_CorrespondingSourceObject: {fileID: -1844989547634339696, guid: 8ffd37a6123cc3d42993d1d6256d4f88,
    type: 3}
  m_PrefabInstance: {fileID: 7378630218550168059}
  m_PrefabAsset: {fileID: 0}
--- !u!54 &1496079372807220886
Rigidbody:
  m_ObjectHideFlags: 0
  m_CorrespondingSourceObject: {fileID: 0}
  m_PrefabInstance: {fileID: 0}
  m_PrefabAsset: {fileID: 0}
  m_GameObject: {fileID: 966329110042987}
  serializedVersion: 4
  m_Mass: 1
  m_Drag: 0
  m_AngularDrag: 0.05
  m_CenterOfMass: {x: 0, y: 0, z: 0}
  m_InertiaTensor: {x: 1, y: 1, z: 1}
  m_InertiaRotation: {x: 0, y: 0, z: 0, w: 1}
  m_IncludeLayers:
    serializedVersion: 2
    m_Bits: 0
  m_ExcludeLayers:
    serializedVersion: 2
    m_Bits: 0
  m_ImplicitCom: 1
  m_ImplicitTensor: 1
  m_UseGravity: 1
  m_IsKinematic: 0
  m_Interpolate: 0
  m_Constraints: 0
  m_CollisionDetection: 1
--- !u!64 &7219381133871681715
MeshCollider:
  m_ObjectHideFlags: 0
  m_CorrespondingSourceObject: {fileID: 0}
  m_PrefabInstance: {fileID: 0}
  m_PrefabAsset: {fileID: 0}
  m_GameObject: {fileID: 966329110042987}
  m_Material: {fileID: 13400000, guid: ab779fa15851ceca88edb4c3f14f1f0e, type: 2}
  m_IncludeLayers:
    serializedVersion: 2
    m_Bits: 0
  m_ExcludeLayers:
    serializedVersion: 2
    m_Bits: 0
  m_LayerOverridePriority: 0
  m_IsTrigger: 0
  m_ProvidesContacts: 0
  m_Enabled: 1
  serializedVersion: 5
  m_Convex: 1
  m_CookingOptions: -1
  m_Mesh: {fileID: 6127266265878130681, guid: 8ffd37a6123cc3d42993d1d6256d4f88, type: 3}
--- !u!1 &1339575251907121702 stripped
GameObject:
  m_CorrespondingSourceObject: {fileID: 8426526887814192093, guid: 8ffd37a6123cc3d42993d1d6256d4f88,
    type: 3}
  m_PrefabInstance: {fileID: 7378630218550168059}
  m_PrefabAsset: {fileID: 0}
--- !u!54 &8026799201617512337
Rigidbody:
  m_ObjectHideFlags: 0
  m_CorrespondingSourceObject: {fileID: 0}
  m_PrefabInstance: {fileID: 0}
  m_PrefabAsset: {fileID: 0}
  m_GameObject: {fileID: 1339575251907121702}
  serializedVersion: 4
  m_Mass: 1
  m_Drag: 0
  m_AngularDrag: 0.05
  m_CenterOfMass: {x: 0, y: 0, z: 0}
  m_InertiaTensor: {x: 1, y: 1, z: 1}
  m_InertiaRotation: {x: 0, y: 0, z: 0, w: 1}
  m_IncludeLayers:
    serializedVersion: 2
    m_Bits: 0
  m_ExcludeLayers:
    serializedVersion: 2
    m_Bits: 0
  m_ImplicitCom: 1
  m_ImplicitTensor: 1
  m_UseGravity: 1
  m_IsKinematic: 0
  m_Interpolate: 0
  m_Constraints: 0
  m_CollisionDetection: 1
--- !u!64 &1212552946375749098
MeshCollider:
  m_ObjectHideFlags: 0
  m_CorrespondingSourceObject: {fileID: 0}
  m_PrefabInstance: {fileID: 0}
  m_PrefabAsset: {fileID: 0}
  m_GameObject: {fileID: 1339575251907121702}
  m_Material: {fileID: 13400000, guid: ab779fa15851ceca88edb4c3f14f1f0e, type: 2}
  m_IncludeLayers:
    serializedVersion: 2
    m_Bits: 0
  m_ExcludeLayers:
    serializedVersion: 2
    m_Bits: 0
  m_LayerOverridePriority: 0
  m_IsTrigger: 0
  m_ProvidesContacts: 0
  m_Enabled: 1
  serializedVersion: 5
  m_Convex: 1
  m_CookingOptions: -1
  m_Mesh: {fileID: -6014672623745804844, guid: 8ffd37a6123cc3d42993d1d6256d4f88, type: 3}
--- !u!1 &3365107100885109690 stripped
GameObject:
  m_CorrespondingSourceObject: {fileID: 5248217503276171841, guid: 8ffd37a6123cc3d42993d1d6256d4f88,
    type: 3}
  m_PrefabInstance: {fileID: 7378630218550168059}
  m_PrefabAsset: {fileID: 0}
--- !u!54 &6898559208780943911
Rigidbody:
  m_ObjectHideFlags: 0
  m_CorrespondingSourceObject: {fileID: 0}
  m_PrefabInstance: {fileID: 0}
  m_PrefabAsset: {fileID: 0}
  m_GameObject: {fileID: 3365107100885109690}
  serializedVersion: 4
  m_Mass: 1
  m_Drag: 0
  m_AngularDrag: 0.05
  m_CenterOfMass: {x: 0, y: 0, z: 0}
  m_InertiaTensor: {x: 1, y: 1, z: 1}
  m_InertiaRotation: {x: 0, y: 0, z: 0, w: 1}
  m_IncludeLayers:
    serializedVersion: 2
    m_Bits: 0
  m_ExcludeLayers:
    serializedVersion: 2
    m_Bits: 0
  m_ImplicitCom: 1
  m_ImplicitTensor: 1
  m_UseGravity: 1
  m_IsKinematic: 0
  m_Interpolate: 0
  m_Constraints: 0
  m_CollisionDetection: 1
--- !u!64 &8158509583944166983
MeshCollider:
  m_ObjectHideFlags: 0
  m_CorrespondingSourceObject: {fileID: 0}
  m_PrefabInstance: {fileID: 0}
  m_PrefabAsset: {fileID: 0}
  m_GameObject: {fileID: 3365107100885109690}
  m_Material: {fileID: 13400000, guid: ab779fa15851ceca88edb4c3f14f1f0e, type: 2}
  m_IncludeLayers:
    serializedVersion: 2
    m_Bits: 0
  m_ExcludeLayers:
    serializedVersion: 2
    m_Bits: 0
  m_LayerOverridePriority: 0
  m_IsTrigger: 0
  m_ProvidesContacts: 0
  m_Enabled: 1
  serializedVersion: 5
  m_Convex: 1
  m_CookingOptions: -1
  m_Mesh: {fileID: -6399708148900671922, guid: 8ffd37a6123cc3d42993d1d6256d4f88, type: 3}
--- !u!1 &4773808651999515613 stripped
GameObject:
  m_CorrespondingSourceObject: {fileID: 2619354156409510438, guid: 8ffd37a6123cc3d42993d1d6256d4f88,
    type: 3}
  m_PrefabInstance: {fileID: 7378630218550168059}
  m_PrefabAsset: {fileID: 0}
--- !u!54 &3522491777463099289
Rigidbody:
  m_ObjectHideFlags: 0
  m_CorrespondingSourceObject: {fileID: 0}
  m_PrefabInstance: {fileID: 0}
  m_PrefabAsset: {fileID: 0}
  m_GameObject: {fileID: 4773808651999515613}
  serializedVersion: 4
  m_Mass: 1
  m_Drag: 0
  m_AngularDrag: 0.05
  m_CenterOfMass: {x: 0, y: 0, z: 0}
  m_InertiaTensor: {x: 1, y: 1, z: 1}
  m_InertiaRotation: {x: 0, y: 0, z: 0, w: 1}
  m_IncludeLayers:
    serializedVersion: 2
    m_Bits: 0
  m_ExcludeLayers:
    serializedVersion: 2
    m_Bits: 0
  m_ImplicitCom: 1
  m_ImplicitTensor: 1
  m_UseGravity: 1
  m_IsKinematic: 0
  m_Interpolate: 0
  m_Constraints: 0
  m_CollisionDetection: 1
--- !u!64 &4747370239837229823
MeshCollider:
  m_ObjectHideFlags: 0
  m_CorrespondingSourceObject: {fileID: 0}
  m_PrefabInstance: {fileID: 0}
  m_PrefabAsset: {fileID: 0}
  m_GameObject: {fileID: 4773808651999515613}
  m_Material: {fileID: 13400000, guid: ab779fa15851ceca88edb4c3f14f1f0e, type: 2}
  m_IncludeLayers:
    serializedVersion: 2
    m_Bits: 0
  m_ExcludeLayers:
    serializedVersion: 2
    m_Bits: 0
  m_LayerOverridePriority: 0
  m_IsTrigger: 0
  m_ProvidesContacts: 0
  m_Enabled: 1
  serializedVersion: 5
  m_Convex: 1
  m_CookingOptions: -1
  m_Mesh: {fileID: 3624169753557324471, guid: 8ffd37a6123cc3d42993d1d6256d4f88, type: 3}
--- !u!1 &4848618522736845627 stripped
GameObject:
  m_CorrespondingSourceObject: {fileID: 2679617367482215104, guid: 8ffd37a6123cc3d42993d1d6256d4f88,
    type: 3}
  m_PrefabInstance: {fileID: 7378630218550168059}
  m_PrefabAsset: {fileID: 0}
--- !u!54 &2485907764787873797
Rigidbody:
  m_ObjectHideFlags: 0
  m_CorrespondingSourceObject: {fileID: 0}
  m_PrefabInstance: {fileID: 0}
  m_PrefabAsset: {fileID: 0}
  m_GameObject: {fileID: 4848618522736845627}
  serializedVersion: 4
  m_Mass: 1
  m_Drag: 0
  m_AngularDrag: 0.05
  m_CenterOfMass: {x: 0, y: 0, z: 0}
  m_InertiaTensor: {x: 1, y: 1, z: 1}
  m_InertiaRotation: {x: 0, y: 0, z: 0, w: 1}
  m_IncludeLayers:
    serializedVersion: 2
    m_Bits: 0
  m_ExcludeLayers:
    serializedVersion: 2
    m_Bits: 0
  m_ImplicitCom: 1
  m_ImplicitTensor: 1
  m_UseGravity: 1
  m_IsKinematic: 0
  m_Interpolate: 0
  m_Constraints: 0
  m_CollisionDetection: 1
--- !u!64 &8696440730118982272
MeshCollider:
  m_ObjectHideFlags: 0
  m_CorrespondingSourceObject: {fileID: 0}
  m_PrefabInstance: {fileID: 0}
  m_PrefabAsset: {fileID: 0}
  m_GameObject: {fileID: 4848618522736845627}
  m_Material: {fileID: 13400000, guid: ab779fa15851ceca88edb4c3f14f1f0e, type: 2}
  m_IncludeLayers:
    serializedVersion: 2
    m_Bits: 0
  m_ExcludeLayers:
    serializedVersion: 2
    m_Bits: 0
  m_LayerOverridePriority: 0
  m_IsTrigger: 0
  m_ProvidesContacts: 0
  m_Enabled: 1
  serializedVersion: 5
  m_Convex: 1
  m_CookingOptions: -1
  m_Mesh: {fileID: 1296048401491924257, guid: 8ffd37a6123cc3d42993d1d6256d4f88, type: 3}
--- !u!1 &5135247641592511556 stripped
GameObject:
  m_CorrespondingSourceObject: {fileID: 2387534054496794047, guid: 8ffd37a6123cc3d42993d1d6256d4f88,
    type: 3}
  m_PrefabInstance: {fileID: 7378630218550168059}
  m_PrefabAsset: {fileID: 0}
--- !u!54 &1113850870524778451
Rigidbody:
  m_ObjectHideFlags: 0
  m_CorrespondingSourceObject: {fileID: 0}
  m_PrefabInstance: {fileID: 0}
  m_PrefabAsset: {fileID: 0}
  m_GameObject: {fileID: 5135247641592511556}
  serializedVersion: 4
  m_Mass: 1
  m_Drag: 0
  m_AngularDrag: 0.05
  m_CenterOfMass: {x: 0, y: 0, z: 0}
  m_InertiaTensor: {x: 1, y: 1, z: 1}
  m_InertiaRotation: {x: 0, y: 0, z: 0, w: 1}
  m_IncludeLayers:
    serializedVersion: 2
    m_Bits: 0
  m_ExcludeLayers:
    serializedVersion: 2
    m_Bits: 0
  m_ImplicitCom: 1
  m_ImplicitTensor: 1
  m_UseGravity: 1
  m_IsKinematic: 0
  m_Interpolate: 0
  m_Constraints: 0
  m_CollisionDetection: 1
--- !u!64 &5119870747118199758
MeshCollider:
  m_ObjectHideFlags: 0
  m_CorrespondingSourceObject: {fileID: 0}
  m_PrefabInstance: {fileID: 0}
  m_PrefabAsset: {fileID: 0}
  m_GameObject: {fileID: 5135247641592511556}
  m_Material: {fileID: 13400000, guid: ab779fa15851ceca88edb4c3f14f1f0e, type: 2}
  m_IncludeLayers:
    serializedVersion: 2
    m_Bits: 0
  m_ExcludeLayers:
    serializedVersion: 2
    m_Bits: 0
  m_LayerOverridePriority: 0
  m_IsTrigger: 0
  m_ProvidesContacts: 0
  m_Enabled: 1
  serializedVersion: 5
  m_Convex: 1
  m_CookingOptions: -1
  m_Mesh: {fileID: -6159265698574291720, guid: 8ffd37a6123cc3d42993d1d6256d4f88, type: 3}
--- !u!4 &7056173502987513360 stripped
Transform:
  m_CorrespondingSourceObject: {fileID: -8679921383154817045, guid: 8ffd37a6123cc3d42993d1d6256d4f88,
    type: 3}
  m_PrefabInstance: {fileID: 7378630218550168059}
  m_PrefabAsset: {fileID: 0}
--- !u!1 &8944386928040726993 stripped
GameObject:
  m_CorrespondingSourceObject: {fileID: 1893466305309612074, guid: 8ffd37a6123cc3d42993d1d6256d4f88,
    type: 3}
  m_PrefabInstance: {fileID: 7378630218550168059}
  m_PrefabAsset: {fileID: 0}
--- !u!54 &4125051531085017322
Rigidbody:
  m_ObjectHideFlags: 0
  m_CorrespondingSourceObject: {fileID: 0}
  m_PrefabInstance: {fileID: 0}
  m_PrefabAsset: {fileID: 0}
  m_GameObject: {fileID: 8944386928040726993}
  serializedVersion: 4
  m_Mass: 1
  m_Drag: 0
  m_AngularDrag: 0.05
  m_CenterOfMass: {x: 0, y: 0, z: 0}
  m_InertiaTensor: {x: 1, y: 1, z: 1}
  m_InertiaRotation: {x: 0, y: 0, z: 0, w: 1}
  m_IncludeLayers:
    serializedVersion: 2
    m_Bits: 0
  m_ExcludeLayers:
    serializedVersion: 2
    m_Bits: 0
  m_ImplicitCom: 1
  m_ImplicitTensor: 1
  m_UseGravity: 1
  m_IsKinematic: 0
  m_Interpolate: 0
  m_Constraints: 0
  m_CollisionDetection: 1
--- !u!64 &5175722849009023789
MeshCollider:
  m_ObjectHideFlags: 0
  m_CorrespondingSourceObject: {fileID: 0}
  m_PrefabInstance: {fileID: 0}
  m_PrefabAsset: {fileID: 0}
  m_GameObject: {fileID: 8944386928040726993}
  m_Material: {fileID: 13400000, guid: ab779fa15851ceca88edb4c3f14f1f0e, type: 2}
  m_IncludeLayers:
    serializedVersion: 2
    m_Bits: 0
  m_ExcludeLayers:
    serializedVersion: 2
    m_Bits: 0
  m_LayerOverridePriority: 0
  m_IsTrigger: 0
  m_ProvidesContacts: 0
  m_Enabled: 1
  serializedVersion: 5
  m_Convex: 1
  m_CookingOptions: -1
  m_Mesh: {fileID: -5093474156417076258, guid: 8ffd37a6123cc3d42993d1d6256d4f88, type: 3}
--- !u!1001 &8986370576014237968
PrefabInstance:
  m_ObjectHideFlags: 0
  serializedVersion: 2
  m_Modification:
    serializedVersion: 3
    m_TransformParent: {fileID: 7932375088546221361}
    m_Modifications:
    - target: {fileID: 131808865650884692, guid: 99ff03eb114c95fdba837761253c4a30,
        type: 3}
      propertyPath: points.Array.size
      value: 2
      objectReference: {fileID: 0}
    - target: {fileID: 131808865650884692, guid: 99ff03eb114c95fdba837761253c4a30,
        type: 3}
      propertyPath: 'points.Array.data[0]'
      value: 
      objectReference: {fileID: 471602892777063092}
    - target: {fileID: 131808865650884692, guid: 99ff03eb114c95fdba837761253c4a30,
        type: 3}
      propertyPath: 'points.Array.data[1]'
      value: 
      objectReference: {fileID: 7526954806255395228}
    - target: {fileID: 504302057649466667, guid: 99ff03eb114c95fdba837761253c4a30,
        type: 3}
      propertyPath: energy
      value: 0
      objectReference: {fileID: 0}
    - target: {fileID: 504302057649466667, guid: 99ff03eb114c95fdba837761253c4a30,
        type: 3}
      propertyPath: audioEvent
      value: event:/Weapons/BotWeapon
      objectReference: {fileID: 0}
    - target: {fileID: 504302057649466667, guid: 99ff03eb114c95fdba837761253c4a30,
        type: 3}
      propertyPath: ammoCapacity
      value: 999999
      objectReference: {fileID: 0}
    - target: {fileID: 1800595112811597632, guid: 99ff03eb114c95fdba837761253c4a30,
        type: 3}
      propertyPath: m_RootOrder
      value: 8
      objectReference: {fileID: 0}
    - target: {fileID: 1800595112811597632, guid: 99ff03eb114c95fdba837761253c4a30,
        type: 3}
      propertyPath: m_LocalPosition.x
      value: 0
      objectReference: {fileID: 0}
    - target: {fileID: 1800595112811597632, guid: 99ff03eb114c95fdba837761253c4a30,
        type: 3}
      propertyPath: m_LocalPosition.y
      value: 0
      objectReference: {fileID: 0}
    - target: {fileID: 1800595112811597632, guid: 99ff03eb114c95fdba837761253c4a30,
        type: 3}
      propertyPath: m_LocalPosition.z
      value: 0
      objectReference: {fileID: 0}
    - target: {fileID: 1800595112811597632, guid: 99ff03eb114c95fdba837761253c4a30,
        type: 3}
      propertyPath: m_LocalRotation.w
      value: 1
      objectReference: {fileID: 0}
    - target: {fileID: 1800595112811597632, guid: 99ff03eb114c95fdba837761253c4a30,
        type: 3}
      propertyPath: m_LocalRotation.x
      value: 0
      objectReference: {fileID: 0}
    - target: {fileID: 1800595112811597632, guid: 99ff03eb114c95fdba837761253c4a30,
        type: 3}
      propertyPath: m_LocalRotation.y
      value: 0
      objectReference: {fileID: 0}
    - target: {fileID: 1800595112811597632, guid: 99ff03eb114c95fdba837761253c4a30,
        type: 3}
      propertyPath: m_LocalRotation.z
      value: 0
      objectReference: {fileID: 0}
    - target: {fileID: 1800595112811597632, guid: 99ff03eb114c95fdba837761253c4a30,
        type: 3}
      propertyPath: m_LocalEulerAnglesHint.x
      value: 0
      objectReference: {fileID: 0}
    - target: {fileID: 1800595112811597632, guid: 99ff03eb114c95fdba837761253c4a30,
        type: 3}
      propertyPath: m_LocalEulerAnglesHint.y
      value: 0
      objectReference: {fileID: 0}
    - target: {fileID: 1800595112811597632, guid: 99ff03eb114c95fdba837761253c4a30,
        type: 3}
      propertyPath: m_LocalEulerAnglesHint.z
      value: 0
      objectReference: {fileID: 0}
    - target: {fileID: 6711511505768595393, guid: 99ff03eb114c95fdba837761253c4a30,
        type: 3}
      propertyPath: m_Name
      value: BotWeapon
      objectReference: {fileID: 0}
    m_RemovedComponents: []
    m_RemovedGameObjects: []
    m_AddedGameObjects:
    - targetCorrespondingSourceObject: {fileID: 1800595112811597632, guid: 99ff03eb114c95fdba837761253c4a30,
        type: 3}
      insertIndex: -1
      addedObject: {fileID: 4605288225309823677}
    - targetCorrespondingSourceObject: {fileID: 1800595112811597632, guid: 99ff03eb114c95fdba837761253c4a30,
        type: 3}
      insertIndex: -1
      addedObject: {fileID: 4499313061160410221}
    m_AddedComponents: []
  m_SourcePrefab: {fileID: 100100000, guid: 99ff03eb114c95fdba837761253c4a30, type: 3}
--- !u!4 &7226869864913792592 stripped
Transform:
  m_CorrespondingSourceObject: {fileID: 1800595112811597632, guid: 99ff03eb114c95fdba837761253c4a30,
    type: 3}
  m_PrefabInstance: {fileID: 8986370576014237968}
  m_PrefabAsset: {fileID: 0}
--- !u!114 &9034861980863144260 stripped
MonoBehaviour:
  m_CorrespondingSourceObject: {fileID: 131808865650884692, guid: 99ff03eb114c95fdba837761253c4a30,
    type: 3}
  m_PrefabInstance: {fileID: 8986370576014237968}
  m_PrefabAsset: {fileID: 0}
  m_GameObject: {fileID: 0}
  m_Enabled: 1
  m_EditorHideFlags: 0
  m_Script: {fileID: 11500000, guid: 494394a4f8345536aac8f2eb5ec39665, type: 3}
  m_Name: 
  m_EditorClassIdentifier: 
--- !u!1001 &9120541028182298568
PrefabInstance:
  m_ObjectHideFlags: 0
  serializedVersion: 2
  m_Modification:
    serializedVersion: 3
    m_TransformParent: {fileID: 7932375088546221361}
    m_Modifications:
    - target: {fileID: -8856937695025282406, guid: 58c0884ea2e9ad4e6b75c8cc2e7f33f9,
        type: 3}
      propertyPath: 'm_Materials.Array.data[0]'
      value: 
      objectReference: {fileID: 2100000, guid: e24b95da80758322db49a72f90194d52, type: 2}
    - target: {fileID: -8679921383154817045, guid: 58c0884ea2e9ad4e6b75c8cc2e7f33f9,
        type: 3}
      propertyPath: m_LocalPosition.x
      value: 0
      objectReference: {fileID: 0}
    - target: {fileID: -8679921383154817045, guid: 58c0884ea2e9ad4e6b75c8cc2e7f33f9,
        type: 3}
      propertyPath: m_LocalPosition.y
      value: 0
      objectReference: {fileID: 0}
    - target: {fileID: -8679921383154817045, guid: 58c0884ea2e9ad4e6b75c8cc2e7f33f9,
        type: 3}
      propertyPath: m_LocalPosition.z
      value: 0
      objectReference: {fileID: 0}
    - target: {fileID: -8679921383154817045, guid: 58c0884ea2e9ad4e6b75c8cc2e7f33f9,
        type: 3}
      propertyPath: m_LocalRotation.w
      value: 1
      objectReference: {fileID: 0}
    - target: {fileID: -8679921383154817045, guid: 58c0884ea2e9ad4e6b75c8cc2e7f33f9,
        type: 3}
      propertyPath: m_LocalRotation.x
      value: 0
      objectReference: {fileID: 0}
    - target: {fileID: -8679921383154817045, guid: 58c0884ea2e9ad4e6b75c8cc2e7f33f9,
        type: 3}
      propertyPath: m_LocalRotation.y
      value: 0
      objectReference: {fileID: 0}
    - target: {fileID: -8679921383154817045, guid: 58c0884ea2e9ad4e6b75c8cc2e7f33f9,
        type: 3}
      propertyPath: m_LocalRotation.z
      value: 0
      objectReference: {fileID: 0}
    - target: {fileID: -8679921383154817045, guid: 58c0884ea2e9ad4e6b75c8cc2e7f33f9,
        type: 3}
      propertyPath: m_LocalEulerAnglesHint.x
      value: 0
      objectReference: {fileID: 0}
    - target: {fileID: -8679921383154817045, guid: 58c0884ea2e9ad4e6b75c8cc2e7f33f9,
        type: 3}
      propertyPath: m_LocalEulerAnglesHint.y
      value: 0
      objectReference: {fileID: 0}
    - target: {fileID: -8679921383154817045, guid: 58c0884ea2e9ad4e6b75c8cc2e7f33f9,
        type: 3}
      propertyPath: m_LocalEulerAnglesHint.z
      value: 0
      objectReference: {fileID: 0}
    - target: {fileID: 167141595998257616, guid: 58c0884ea2e9ad4e6b75c8cc2e7f33f9,
        type: 3}
      propertyPath: 'm_Materials.Array.data[0]'
      value: 
      objectReference: {fileID: 2100000, guid: 492fc294a55e7acfd918dbcc1299ca19, type: 2}
    - target: {fileID: 919132149155446097, guid: 58c0884ea2e9ad4e6b75c8cc2e7f33f9,
        type: 3}
      propertyPath: m_Name
      value: Harbinger
      objectReference: {fileID: 0}
    - target: {fileID: 2850833838137737332, guid: 58c0884ea2e9ad4e6b75c8cc2e7f33f9,
        type: 3}
      propertyPath: 'm_Materials.Array.data[0]'
      value: 
      objectReference: {fileID: 2100000, guid: e24b95da80758322db49a72f90194d52, type: 2}
    - target: {fileID: 3177431606505423106, guid: 58c0884ea2e9ad4e6b75c8cc2e7f33f9,
        type: 3}
      propertyPath: 'm_Materials.Array.data[0]'
      value: 
      objectReference: {fileID: 2100000, guid: e24b95da80758322db49a72f90194d52, type: 2}
    - target: {fileID: 4510954084913966213, guid: 58c0884ea2e9ad4e6b75c8cc2e7f33f9,
        type: 3}
      propertyPath: 'm_Materials.Array.data[0]'
      value: 
      objectReference: {fileID: 2100000, guid: 492fc294a55e7acfd918dbcc1299ca19, type: 2}
    - target: {fileID: 5342863889352931760, guid: 58c0884ea2e9ad4e6b75c8cc2e7f33f9,
        type: 3}
      propertyPath: 'm_Materials.Array.data[0]'
      value: 
      objectReference: {fileID: 2100000, guid: 492fc294a55e7acfd918dbcc1299ca19, type: 2}
    - target: {fileID: 5965659232965573838, guid: 58c0884ea2e9ad4e6b75c8cc2e7f33f9,
        type: 3}
      propertyPath: 'm_Materials.Array.data[0]'
      value: 
      objectReference: {fileID: 2100000, guid: e24b95da80758322db49a72f90194d52, type: 2}
    - target: {fileID: 6565729803045075189, guid: 58c0884ea2e9ad4e6b75c8cc2e7f33f9,
        type: 3}
      propertyPath: 'm_Materials.Array.data[0]'
      value: 
      objectReference: {fileID: 2100000, guid: 492fc294a55e7acfd918dbcc1299ca19, type: 2}
    m_RemovedComponents: []
    m_RemovedGameObjects: []
    m_AddedGameObjects:
    - targetCorrespondingSourceObject: {fileID: -8679921383154817045, guid: 58c0884ea2e9ad4e6b75c8cc2e7f33f9,
        type: 3}
      insertIndex: -1
      addedObject: {fileID: 3123612346299298335}
    - targetCorrespondingSourceObject: {fileID: -8679921383154817045, guid: 58c0884ea2e9ad4e6b75c8cc2e7f33f9,
        type: 3}
      insertIndex: -1
      addedObject: {fileID: 4855533897211028633}
    m_AddedComponents:
    - targetCorrespondingSourceObject: {fileID: 919132149155446097, guid: 58c0884ea2e9ad4e6b75c8cc2e7f33f9,
        type: 3}
      insertIndex: -1
      addedObject: {fileID: 2846020697454043551}
  m_SourcePrefab: {fileID: 100100000, guid: 58c0884ea2e9ad4e6b75c8cc2e7f33f9, type: 3}
--- !u!1 &8238141929483907737 stripped
GameObject:
  m_CorrespondingSourceObject: {fileID: 919132149155446097, guid: 58c0884ea2e9ad4e6b75c8cc2e7f33f9,
    type: 3}
  m_PrefabInstance: {fileID: 9120541028182298568}
  m_PrefabAsset: {fileID: 0}
--- !u!135 &2846020697454043551
SphereCollider:
  m_ObjectHideFlags: 0
  m_CorrespondingSourceObject: {fileID: 0}
  m_PrefabInstance: {fileID: 0}
  m_PrefabAsset: {fileID: 0}
  m_GameObject: {fileID: 8238141929483907737}
  m_Material: {fileID: 13400000, guid: ab779fa15851ceca88edb4c3f14f1f0e, type: 2}
  m_IncludeLayers:
    serializedVersion: 2
    m_Bits: 0
  m_ExcludeLayers:
    serializedVersion: 2
    m_Bits: 0
  m_LayerOverridePriority: 0
  m_IsTrigger: 0
  m_ProvidesContacts: 0
  m_Enabled: 1
  serializedVersion: 3
  m_Radius: 0.98
  m_Center: {x: 0, y: 0, z: 0.56}
--- !u!4 &8725744908613445667 stripped
Transform:
  m_CorrespondingSourceObject: {fileID: -8679921383154817045, guid: 58c0884ea2e9ad4e6b75c8cc2e7f33f9,
    type: 3}
  m_PrefabInstance: {fileID: 9120541028182298568}
  m_PrefabAsset: {fileID: 0}
