%YAML 1.1
%TAG !u! tag:unity3d.com,2011:
--- !u!1 &1166948798072683640
GameObject:
  m_ObjectHideFlags: 0
  m_CorrespondingSourceObject: {fileID: 0}
  m_PrefabInstance: {fileID: 0}
  m_PrefabAsset: {fileID: 0}
  serializedVersion: 6
  m_Component:
  - component: {fileID: 1730861028144715161}
  - component: {fileID: 6638495308725639311}
  m_Layer: 0
  m_Name: VCGalaxyMap
  m_TagString: Untagged
  m_Icon: {fileID: 0}
  m_NavMeshLayer: 0
  m_StaticEditorFlags: 0
  m_IsActive: 1
--- !u!4 &1730861028144715161
Transform:
  m_ObjectHideFlags: 0
  m_CorrespondingSourceObject: {fileID: 0}
  m_PrefabInstance: {fileID: 0}
  m_PrefabAsset: {fileID: 0}
  m_GameObject: {fileID: 1166948798072683640}
  serializedVersion: 2
  m_LocalRotation: {x: 0.7071068, y: -0, z: -0, w: 0.7071068}
  m_LocalPosition: {x: 0, y: -753.5, z: -1206.5}
  m_LocalScale: {x: 1, y: 1, z: 1}
  m_ConstrainProportionsScale: 0
  m_Children:
  - {fileID: 2758382387526041165}
  m_Father: {fileID: 7046683320699562261}
  m_LocalEulerAnglesHint: {x: 0, y: 0, z: 0}
--- !u!114 &6638495308725639311
MonoBehaviour:
  m_ObjectHideFlags: 0
  m_CorrespondingSourceObject: {fileID: 0}
  m_PrefabInstance: {fileID: 0}
  m_PrefabAsset: {fileID: 0}
  m_GameObject: {fileID: 1166948798072683640}
  m_Enabled: 1
  m_EditorHideFlags: 0
  m_Script: {fileID: 11500000, guid: 45e653bab7fb20e499bda25e1b646fea, type: 3}
  m_Name: 
  m_EditorClassIdentifier: 
  m_ExcludedPropertiesInInspector:
  - m_Script
  m_LockStageInInspector: 
  m_StreamingVersion: 20170927
  m_Priority: 10
  m_StandbyUpdate: 2
  m_LookAt: {fileID: 5643716396538510688}
  m_Follow: {fileID: 5643716396538510688}
  m_Lens:
    FieldOfView: 60.000004
    OrthographicSize: 15
    NearClipPlane: 0.3
    FarClipPlane: 10000
    Dutch: 0
    ModeOverride: 1
    LensShift: {x: 0, y: 0}
    GateFit: 2
    FocusDistance: 10
    m_SensorSize: {x: 1, y: 1}
  m_Transitions:
    m_BlendHint: 1
    m_InheritPosition: 0
    m_OnCameraLive:
      m_PersistentCalls:
        m_Calls: []
  m_LegacyBlendHint: 0
  m_ComponentOwner: {fileID: 2758382387526041165}
--- !u!1 &3150694210585846149
GameObject:
  m_ObjectHideFlags: 0
  m_CorrespondingSourceObject: {fileID: 0}
  m_PrefabInstance: {fileID: 0}
  m_PrefabAsset: {fileID: 0}
  serializedVersion: 6
  m_Component:
  - component: {fileID: 6109445369333345675}
  - component: {fileID: 5910785983738597893}
  m_Layer: 0
  m_Name: Audio Reverb Zone
  m_TagString: Untagged
  m_Icon: {fileID: 0}
  m_NavMeshLayer: 0
  m_StaticEditorFlags: 0
  m_IsActive: 1
--- !u!4 &6109445369333345675
Transform:
  m_ObjectHideFlags: 0
  m_CorrespondingSourceObject: {fileID: 0}
  m_PrefabInstance: {fileID: 0}
  m_PrefabAsset: {fileID: 0}
  m_GameObject: {fileID: 3150694210585846149}
  serializedVersion: 2
  m_LocalRotation: {x: 0, y: 0, z: 0, w: 1}
  m_LocalPosition: {x: 0, y: 0, z: 0}
  m_LocalScale: {x: 1, y: 1, z: 1}
  m_ConstrainProportionsScale: 0
  m_Children: []
  m_Father: {fileID: 8996089887438247751}
  m_LocalEulerAnglesHint: {x: 0, y: 0, z: 0}
--- !u!167 &5910785983738597893
AudioReverbZone:
  m_ObjectHideFlags: 0
  m_CorrespondingSourceObject: {fileID: 0}
  m_PrefabInstance: {fileID: 0}
  m_PrefabAsset: {fileID: 0}
  m_GameObject: {fileID: 3150694210585846149}
  m_Enabled: 1
  m_MinDistance: 20
  m_MaxDistance: 5000
  m_ReverbPreset: 11
  m_Room: -1000
  m_RoomHF: -1000
  m_DecayTime: 10.05
  m_DecayHFRatio: 0.23
  m_Reflections: -602
  m_ReflectionsDelay: 0.02
  m_Reverb: 198
  m_ReverbDelay: 0.03
  m_HFReference: 5000
  m_Diffusion: 100
  m_Density: 100
  m_LFReference: 250
  m_RoomLF: 0
--- !u!1 &3242716725990139722
GameObject:
  m_ObjectHideFlags: 0
  m_CorrespondingSourceObject: {fileID: 0}
  m_PrefabInstance: {fileID: 0}
  m_PrefabAsset: {fileID: 0}
  serializedVersion: 6
  m_Component:
  - component: {fileID: 2758382387526041165}
  - component: {fileID: 1553009077208344075}
  - component: {fileID: 2492478725824085973}
  m_Layer: 0
  m_Name: cm
  m_TagString: Untagged
  m_Icon: {fileID: 0}
  m_NavMeshLayer: 0
  m_StaticEditorFlags: 0
  m_IsActive: 1
--- !u!4 &2758382387526041165
Transform:
  m_ObjectHideFlags: 0
  m_CorrespondingSourceObject: {fileID: 0}
  m_PrefabInstance: {fileID: 0}
  m_PrefabAsset: {fileID: 0}
  m_GameObject: {fileID: 3242716725990139722}
  serializedVersion: 2
  m_LocalRotation: {x: -0, y: -0, z: -0, w: 1}
  m_LocalPosition: {x: 0, y: 0, z: 0}
  m_LocalScale: {x: 1, y: 1, z: 1}
  m_ConstrainProportionsScale: 0
  m_Children: []
  m_Father: {fileID: 1730861028144715161}
  m_LocalEulerAnglesHint: {x: 0, y: 0, z: 0}
--- !u!114 &1553009077208344075
MonoBehaviour:
  m_ObjectHideFlags: 0
  m_CorrespondingSourceObject: {fileID: 0}
  m_PrefabInstance: {fileID: 0}
  m_PrefabAsset: {fileID: 0}
  m_GameObject: {fileID: 3242716725990139722}
  m_Enabled: 1
  m_EditorHideFlags: 0
  m_Script: {fileID: 11500000, guid: ac0b09e7857660247b1477e93731de29, type: 3}
  m_Name: 
  m_EditorClassIdentifier: 
--- !u!114 &2492478725824085973
MonoBehaviour:
  m_ObjectHideFlags: 0
  m_CorrespondingSourceObject: {fileID: 0}
  m_PrefabInstance: {fileID: 0}
  m_PrefabAsset: {fileID: 0}
  m_GameObject: {fileID: 3242716725990139722}
  m_Enabled: 1
  m_EditorHideFlags: 0
  m_Script: {fileID: 11500000, guid: fa7155796051b734daa718462081dc5f, type: 3}
  m_Name: 
  m_EditorClassIdentifier: 
  m_BindingMode: 1
  m_FollowOffset: {x: 0, y: 0, z: -10}
  m_XDamping: 1
  m_YDamping: 1
  m_ZDamping: 1
  m_AngularDampingMode: 0
  m_PitchDamping: 0
  m_YawDamping: 0
  m_RollDamping: 0
  m_AngularDamping: 0
--- !u!1 &3817885862154553547
GameObject:
  m_ObjectHideFlags: 0
  m_CorrespondingSourceObject: {fileID: 0}
  m_PrefabInstance: {fileID: 0}
  m_PrefabAsset: {fileID: 0}
  serializedVersion: 6
  m_Component:
  - component: {fileID: 2382756072524662416}
  - component: {fileID: 7204212579492527759}
  m_Layer: 0
  m_Name: cm
  m_TagString: Untagged
  m_Icon: {fileID: 0}
  m_NavMeshLayer: 0
  m_StaticEditorFlags: 0
  m_IsActive: 1
--- !u!4 &2382756072524662416
Transform:
  m_ObjectHideFlags: 0
  m_CorrespondingSourceObject: {fileID: 0}
  m_PrefabInstance: {fileID: 0}
  m_PrefabAsset: {fileID: 0}
  m_GameObject: {fileID: 3817885862154553547}
  serializedVersion: 2
  m_LocalRotation: {x: -0.7071068, y: -0, z: -0, w: 0.7071068}
  m_LocalPosition: {x: 0, y: 0.00012207031, z: 1500.0001}
  m_LocalScale: {x: 1, y: 1, z: 1}
  m_ConstrainProportionsScale: 0
  m_Children: []
  m_Father: {fileID: 2582377720546212930}
  m_LocalEulerAnglesHint: {x: 0, y: 0, z: 0}
--- !u!114 &7204212579492527759
MonoBehaviour:
  m_ObjectHideFlags: 0
  m_CorrespondingSourceObject: {fileID: 0}
  m_PrefabInstance: {fileID: 0}
  m_PrefabAsset: {fileID: 0}
  m_GameObject: {fileID: 3817885862154553547}
  m_Enabled: 1
  m_EditorHideFlags: 0
  m_Script: {fileID: 11500000, guid: ac0b09e7857660247b1477e93731de29, type: 3}
  m_Name: 
  m_EditorClassIdentifier: 
--- !u!1 &4186103400963012377
GameObject:
  m_ObjectHideFlags: 0
  m_CorrespondingSourceObject: {fileID: 0}
  m_PrefabInstance: {fileID: 0}
  m_PrefabAsset: {fileID: 0}
  serializedVersion: 6
  m_Component:
  - component: {fileID: 5870015644863479058}
  - component: {fileID: 2325658833979310541}
  - component: {fileID: 6801540530566472160}
  m_Layer: 0
  m_Name: cm
  m_TagString: Untagged
  m_Icon: {fileID: 0}
  m_NavMeshLayer: 0
  m_StaticEditorFlags: 0
  m_IsActive: 1
--- !u!4 &5870015644863479058
Transform:
  m_ObjectHideFlags: 0
  m_CorrespondingSourceObject: {fileID: 0}
  m_PrefabInstance: {fileID: 0}
  m_PrefabAsset: {fileID: 0}
  m_GameObject: {fileID: 4186103400963012377}
  serializedVersion: 2
  m_LocalRotation: {x: -0, y: -0, z: -0, w: 1}
  m_LocalPosition: {x: 0, y: 0, z: 0}
  m_LocalScale: {x: 1, y: 1, z: 1}
  m_ConstrainProportionsScale: 0
  m_Children: []
  m_Father: {fileID: 124100851123998472}
  m_LocalEulerAnglesHint: {x: 0, y: 0, z: 0}
--- !u!114 &2325658833979310541
MonoBehaviour:
  m_ObjectHideFlags: 0
  m_CorrespondingSourceObject: {fileID: 0}
  m_PrefabInstance: {fileID: 0}
  m_PrefabAsset: {fileID: 0}
  m_GameObject: {fileID: 4186103400963012377}
  m_Enabled: 1
  m_EditorHideFlags: 0
  m_Script: {fileID: 11500000, guid: ac0b09e7857660247b1477e93731de29, type: 3}
  m_Name: 
  m_EditorClassIdentifier: 
--- !u!114 &6801540530566472160
MonoBehaviour:
  m_ObjectHideFlags: 0
  m_CorrespondingSourceObject: {fileID: 0}
  m_PrefabInstance: {fileID: 0}
  m_PrefabAsset: {fileID: 0}
  m_GameObject: {fileID: 4186103400963012377}
  m_Enabled: 1
  m_EditorHideFlags: 0
  m_Script: {fileID: 11500000, guid: fa7155796051b734daa718462081dc5f, type: 3}
  m_Name: 
  m_EditorClassIdentifier: 
  m_BindingMode: 3
  m_FollowOffset: {x: 0, y: 10, z: -60}
  m_XDamping: 1
  m_YDamping: 1
  m_ZDamping: 1
  m_AngularDampingMode: 0
  m_PitchDamping: 0
  m_YawDamping: 0
  m_RollDamping: 0
  m_AngularDamping: 0
--- !u!1 &4700990314677226265
GameObject:
  m_ObjectHideFlags: 0
  m_CorrespondingSourceObject: {fileID: 0}
  m_PrefabInstance: {fileID: 0}
  m_PrefabAsset: {fileID: 0}
  serializedVersion: 6
  m_Component:
  - component: {fileID: 124100851123998472}
  - component: {fileID: 2353650565009826872}
  m_Layer: 0
  m_Name: VCFlight
  m_TagString: Untagged
  m_Icon: {fileID: 0}
  m_NavMeshLayer: 0
  m_StaticEditorFlags: 0
  m_IsActive: 1
--- !u!4 &124100851123998472
Transform:
  m_ObjectHideFlags: 0
  m_CorrespondingSourceObject: {fileID: 0}
  m_PrefabInstance: {fileID: 0}
  m_PrefabAsset: {fileID: 0}
  m_GameObject: {fileID: 4700990314677226265}
  serializedVersion: 2
  m_LocalRotation: {x: 0.7071068, y: -0, z: -0, w: 0.7071068}
  m_LocalPosition: {x: 0, y: -743.5, z: -1256.5}
  m_LocalScale: {x: 1, y: 1, z: 1}
  m_ConstrainProportionsScale: 0
  m_Children:
  - {fileID: 5870015644863479058}
  m_Father: {fileID: 7046683320699562261}
  m_LocalEulerAnglesHint: {x: 0, y: 0, z: 0}
--- !u!114 &2353650565009826872
MonoBehaviour:
  m_ObjectHideFlags: 0
  m_CorrespondingSourceObject: {fileID: 0}
  m_PrefabInstance: {fileID: 0}
  m_PrefabAsset: {fileID: 0}
  m_GameObject: {fileID: 4700990314677226265}
  m_Enabled: 1
  m_EditorHideFlags: 0
  m_Script: {fileID: 11500000, guid: 45e653bab7fb20e499bda25e1b646fea, type: 3}
  m_Name: 
  m_EditorClassIdentifier: 
  m_ExcludedPropertiesInInspector:
  - m_Script
  m_LockStageInInspector: 
  m_StreamingVersion: 20170927
  m_Priority: 10
  m_StandbyUpdate: 2
  m_LookAt: {fileID: 5643716396538510688}
  m_Follow: {fileID: 5643716396538510688}
  m_Lens:
    FieldOfView: 60.000004
    OrthographicSize: 15
    NearClipPlane: 0.3
    FarClipPlane: 10000
    Dutch: 0
    ModeOverride: 2
    LensShift: {x: 0, y: 0}
    GateFit: 2
    FocusDistance: 10
    m_SensorSize: {x: 1, y: 1}
  m_Transitions:
    m_BlendHint: 1
    m_InheritPosition: 0
    m_OnCameraLive:
      m_PersistentCalls:
        m_Calls: []
  m_LegacyBlendHint: 0
  m_ComponentOwner: {fileID: 5870015644863479058}
--- !u!1 &5417961673770964497
GameObject:
  m_ObjectHideFlags: 0
  m_CorrespondingSourceObject: {fileID: 0}
  m_PrefabInstance: {fileID: 0}
  m_PrefabAsset: {fileID: 0}
  serializedVersion: 6
  m_Component:
  - component: {fileID: 2582377720546212930}
  - component: {fileID: 2110396586920690469}
  - component: {fileID: 8550933626379592399}
  - component: {fileID: 1224139593046651115}
  - component: {fileID: 3576005263026235911}
  - component: {fileID: 428668275686262981}
  m_Layer: 0
  m_Name: Camera
  m_TagString: MainCamera
  m_Icon: {fileID: 0}
  m_NavMeshLayer: 0
  m_StaticEditorFlags: 0
  m_IsActive: 1
--- !u!4 &2582377720546212930
Transform:
  m_ObjectHideFlags: 0
  m_CorrespondingSourceObject: {fileID: 0}
  m_PrefabInstance: {fileID: 0}
  m_PrefabAsset: {fileID: 0}
  m_GameObject: {fileID: 5417961673770964497}
  serializedVersion: 2
  m_LocalRotation: {x: 0.7071068, y: -0, z: -0, w: 0.7071068}
  m_LocalPosition: {x: 0, y: 753.5, z: 1396.5}
  m_LocalScale: {x: 1, y: 1, z: 1}
  m_ConstrainProportionsScale: 0
  m_Children:
  - {fileID: 2382756072524662416}
  m_Father: {fileID: 8996089887438247751}
  m_LocalEulerAnglesHint: {x: 0, y: 0, z: 0}
--- !u!20 &2110396586920690469
Camera:
  m_ObjectHideFlags: 0
  m_CorrespondingSourceObject: {fileID: 0}
  m_PrefabInstance: {fileID: 0}
  m_PrefabAsset: {fileID: 0}
  m_GameObject: {fileID: 5417961673770964497}
  m_Enabled: 1
  serializedVersion: 2
  m_ClearFlags: 1
  m_BackGroundColor: {r: 0.19215687, g: 0.3019608, b: 0.4745098, a: 0}
  m_projectionMatrixMode: 1
  m_GateFitMode: 2
  m_FOVAxisMode: 0
  m_Iso: 200
  m_ShutterSpeed: 0.005
  m_Aperture: 16
  m_FocusDistance: 10
  m_FocalLength: 50
  m_BladeCount: 5
  m_Curvature: {x: 2, y: 11}
  m_BarrelClipping: 0.25
  m_Anamorphism: 0
  m_SensorSize: {x: 36, y: 24}
  m_LensShift: {x: 0, y: 0}
  m_NormalizedViewPortRect:
    serializedVersion: 2
    x: 0
    y: 0
    width: 1
    height: 1
  near clip plane: 0.3
  far clip plane: 10000
  field of view: 60.000004
  orthographic: 1
  orthographic size: 1500
  m_Depth: 0
  m_CullingMask:
    serializedVersion: 2
    m_Bits: 4294967295
  m_RenderingPath: -1
  m_TargetTexture: {fileID: 0}
  m_TargetDisplay: 0
  m_TargetEye: 3
  m_HDR: 1
  m_AllowMSAA: 1
  m_AllowDynamicResolution: 0
  m_ForceIntoRT: 0
  m_OcclusionCulling: 1
  m_StereoConvergence: 10
  m_StereoSeparation: 0.022
--- !u!114 &8550933626379592399
MonoBehaviour:
  m_ObjectHideFlags: 0
  m_CorrespondingSourceObject: {fileID: 0}
  m_PrefabInstance: {fileID: 0}
  m_PrefabAsset: {fileID: 0}
  m_GameObject: {fileID: 5417961673770964497}
  m_Enabled: 1
  m_EditorHideFlags: 0
  m_Script: {fileID: 11500000, guid: a79441f348de89743a2939f4d699eac1, type: 3}
  m_Name: 
  m_EditorClassIdentifier: 
  m_RenderShadows: 1
  m_RequiresDepthTextureOption: 2
  m_RequiresOpaqueTextureOption: 2
  m_CameraType: 0
  m_Cameras: []
  m_RendererIndex: -1
  m_VolumeLayerMask:
    serializedVersion: 2
    m_Bits: 1
  m_VolumeTrigger: {fileID: 0}
  m_VolumeFrameworkUpdateModeOption: 2
  m_RenderPostProcessing: 1
  m_Antialiasing: 1
  m_AntialiasingQuality: 2
  m_StopNaN: 0
  m_Dithering: 0
  m_ClearDepth: 1
  m_AllowXRRendering: 1
  m_AllowHDROutput: 1
  m_UseScreenCoordOverride: 0
  m_ScreenSizeOverride: {x: 0, y: 0, z: 0, w: 0}
  m_ScreenCoordScaleBias: {x: 0, y: 0, z: 0, w: 0}
  m_RequiresDepthTexture: 0
  m_RequiresColorTexture: 0
  m_Version: 2
  m_TaaSettings:
    quality: 3
    frameInfluence: 0.1
    jitterScale: 1
    mipBias: 0
    varianceClampScale: 0.9
    contrastAdaptiveSharpening: 0
--- !u!114 &1224139593046651115
MonoBehaviour:
  m_ObjectHideFlags: 0
  m_CorrespondingSourceObject: {fileID: 0}
  m_PrefabInstance: {fileID: 0}
  m_PrefabAsset: {fileID: 0}
  m_GameObject: {fileID: 5417961673770964497}
  m_Enabled: 1
  m_EditorHideFlags: 0
  m_Script: {fileID: 11500000, guid: 3f4c8e8510cb7af2aba1e311c431eff5, type: 3}
  m_Name: 
  m_EditorClassIdentifier: 
  animator: {fileID: 2710891131050862520}
  flightCamera: {fileID: 2353650565009826872}
--- !u!114 &3576005263026235911
MonoBehaviour:
  m_ObjectHideFlags: 0
  m_CorrespondingSourceObject: {fileID: 0}
  m_PrefabInstance: {fileID: 0}
  m_PrefabAsset: {fileID: 0}
  m_GameObject: {fileID: 5417961673770964497}
  m_Enabled: 1
  m_EditorHideFlags: 0
  m_Script: {fileID: 11500000, guid: 86c6556701af9e04380698b89f691b6e, type: 3}
  m_Name: 
  m_EditorClassIdentifier: 
  attenuationObject: {fileID: 0}
--- !u!114 &428668275686262981
MonoBehaviour:
  m_ObjectHideFlags: 0
  m_CorrespondingSourceObject: {fileID: 0}
  m_PrefabInstance: {fileID: 0}
  m_PrefabAsset: {fileID: 0}
  m_GameObject: {fileID: 5417961673770964497}
  m_Enabled: 1
  m_EditorHideFlags: 0
  m_Script: {fileID: 11500000, guid: 72ece51f2901e7445ab60da3685d6b5f, type: 3}
  m_Name: 
  m_EditorClassIdentifier: 
  m_ShowDebugText: 0
  m_ShowCameraFrustum: 1
  m_IgnoreTimeScale: 0
  m_WorldUpOverride: {fileID: 0}
  m_UpdateMethod: 2
  m_BlendUpdateMethod: 1
  m_DefaultBlend:
    m_Style: 1
    m_Time: 2
    m_CustomCurve:
      serializedVersion: 2
      m_Curve: []
      m_PreInfinity: 2
      m_PostInfinity: 2
      m_RotationOrder: 4
  m_CustomBlends: {fileID: 11400000, guid: a74067224aa578a888878020234aeee2, type: 2}
  m_CameraCutEvent:
    m_PersistentCalls:
      m_Calls: []
  m_CameraActivatedEvent:
    m_PersistentCalls:
      m_Calls: []
--- !u!1 &5681141364270807263
GameObject:
  m_ObjectHideFlags: 0
  m_CorrespondingSourceObject: {fileID: 0}
  m_PrefabInstance: {fileID: 0}
  m_PrefabAsset: {fileID: 0}
  serializedVersion: 6
  m_Component:
  - component: {fileID: 7046683320699562261}
  - component: {fileID: 6587204417066028406}
  - component: {fileID: 2710891131050862520}
  m_Layer: 0
  m_Name: State-Driven Camera
  m_TagString: Untagged
  m_Icon: {fileID: 0}
  m_NavMeshLayer: 0
  m_StaticEditorFlags: 0
  m_IsActive: 1
--- !u!4 &7046683320699562261
Transform:
  m_ObjectHideFlags: 0
  m_CorrespondingSourceObject: {fileID: 0}
  m_PrefabInstance: {fileID: 0}
  m_PrefabAsset: {fileID: 0}
  m_GameObject: {fileID: 5681141364270807263}
  serializedVersion: 2
  m_LocalRotation: {x: -0, y: -0, z: -0, w: 1}
  m_LocalPosition: {x: 0, y: 753.5, z: 1196.5}
  m_LocalScale: {x: 1, y: 1, z: 1}
  m_ConstrainProportionsScale: 0
  m_Children:
  - {fileID: 1730861028144715161}
  - {fileID: 763242585555750842}
  - {fileID: 124100851123998472}
  m_Father: {fileID: 8996089887438247751}
  m_LocalEulerAnglesHint: {x: 0, y: 0, z: 0}
--- !u!114 &6587204417066028406
MonoBehaviour:
  m_ObjectHideFlags: 0
  m_CorrespondingSourceObject: {fileID: 0}
  m_PrefabInstance: {fileID: 0}
  m_PrefabAsset: {fileID: 0}
  m_GameObject: {fileID: 5681141364270807263}
  m_Enabled: 1
  m_EditorHideFlags: 0
  m_Script: {fileID: 11500000, guid: 325a6a3050a061e4b8aa51386c30e8e1, type: 3}
  m_Name: 
  m_EditorClassIdentifier: 
  m_ExcludedPropertiesInInspector:
  - m_Script
  m_LockStageInInspector: 
  m_StreamingVersion: 20170927
  m_Priority: 10
  m_StandbyUpdate: 2
  m_LookAt: {fileID: 0}
  m_Follow: {fileID: 0}
  m_AnimatedTarget: {fileID: 2710891131050862520}
  m_LayerIndex: 0
  m_ShowDebugText: 0
  m_ChildCameras:
  - {fileID: 6638495308725639311}
  - {fileID: 5217247729308175143}
  - {fileID: 2353650565009826872}
  m_Instructions:
  - m_FullHash: 2088615096
    m_VirtualCamera: {fileID: 5217247729308175143}
    m_ActivateAfter: 0
    m_MinDuration: 2
  - m_FullHash: 125935873
    m_VirtualCamera: {fileID: 2353650565009826872}
    m_ActivateAfter: 0
    m_MinDuration: 2
  m_DefaultBlend:
    m_Style: 1
    m_Time: 0.5
    m_CustomCurve:
      serializedVersion: 2
      m_Curve: []
      m_PreInfinity: 2
      m_PostInfinity: 2
      m_RotationOrder: 4
  m_CustomBlends: {fileID: 11400000, guid: a74067224aa578a888878020234aeee2, type: 2}
  m_ParentHash:
  - m_Hash: 2088615096
    m_ParentHash: 756556552
  - m_Hash: 125935873
    m_ParentHash: 756556552
--- !u!95 &2710891131050862520
Animator:
  serializedVersion: 7
  m_ObjectHideFlags: 0
  m_CorrespondingSourceObject: {fileID: 0}
  m_PrefabInstance: {fileID: 0}
  m_PrefabAsset: {fileID: 0}
  m_GameObject: {fileID: 5681141364270807263}
  m_Enabled: 1
  m_Avatar: {fileID: 0}
  m_Controller: {fileID: 9100000, guid: 8c4d30dfe3f779e52b7e9b65b00c55d6, type: 2}
  m_CullingMode: 0
  m_UpdateMode: 0
  m_ApplyRootMotion: 0
  m_LinearVelocityBlending: 0
  m_StabilizeFeet: 0
  m_AnimatePhysics: 0
  m_WarningMessage: 
  m_HasTransformHierarchy: 1
  m_AllowConstantClipSamplingOptimization: 1
  m_KeepAnimatorStateOnDisable: 0
  m_WriteDefaultValuesOnDisable: 0
--- !u!1 &5876074349202541253
GameObject:
  m_ObjectHideFlags: 0
  m_CorrespondingSourceObject: {fileID: 0}
  m_PrefabInstance: {fileID: 0}
  m_PrefabAsset: {fileID: 0}
  serializedVersion: 6
  m_Component:
  - component: {fileID: 3983959196703339085}
  - component: {fileID: 3743282649785396484}
  m_Layer: 0
  m_Name: PoolProvider
  m_TagString: PoolProvider
  m_Icon: {fileID: 0}
  m_NavMeshLayer: 0
  m_StaticEditorFlags: 0
  m_IsActive: 1
--- !u!4 &3983959196703339085
Transform:
  m_ObjectHideFlags: 0
  m_CorrespondingSourceObject: {fileID: 0}
  m_PrefabInstance: {fileID: 0}
  m_PrefabAsset: {fileID: 0}
  m_GameObject: {fileID: 5876074349202541253}
  serializedVersion: 2
  m_LocalRotation: {x: 0, y: 0, z: 0, w: 1}
  m_LocalPosition: {x: 0, y: 0, z: 0}
  m_LocalScale: {x: 1, y: 1, z: 1}
  m_ConstrainProportionsScale: 0
  m_Children: []
  m_Father: {fileID: 8996089887438247751}
  m_LocalEulerAnglesHint: {x: 0, y: 0, z: 0}
--- !u!114 &3743282649785396484
MonoBehaviour:
  m_ObjectHideFlags: 0
  m_CorrespondingSourceObject: {fileID: 0}
  m_PrefabInstance: {fileID: 0}
  m_PrefabAsset: {fileID: 0}
  m_GameObject: {fileID: 5876074349202541253}
  m_Enabled: 1
  m_EditorHideFlags: 0
  m_Script: {fileID: 11500000, guid: f024de09396276840b402f54a23f0b6b, type: 3}
  m_Name: 
  m_EditorClassIdentifier: 
  gatlingGunProjectilePrefab: {fileID: 5870912775525834981, guid: 070fa911c4fc829c583f2082f8438219,
    type: 3}
  pulseCannonProjectilePrefab: {fileID: 5870912775525834981, guid: cda816e1c9df80c4f94f8314e293a4e2,
    type: 3}
  termiteMissilePrefab: {fileID: 5633567880660835211, guid: 21f7a91c7c45ce940bb680d7b3a6f426,
    type: 3}
  harbingerProjectilePrefab: {fileID: 7968459379328885320, guid: 28635b0898964144c8669bb1c39d319e,
    type: 3}
  ravenMissilePrefab: {fileID: 5633567880660835211, guid: 21f7a91c7c45ce940bb680d7b3a6f426,
    type: 3}
  cyclopsBombPrefab: {fileID: 9171410318599069590, guid: ff9df0506804ed3438811e87f9c9f4b7,
    type: 3}
  projectileHitExplosionPrefab: {fileID: 6965786124285361696, guid: 459beedf98803176083567e2ecd4dcc5,
    type: 3}
  smallSilentExplosionPrefab: {fileID: 6386948177341031238, guid: ccf86c5c1adcb734d9b34a1723285266,
    type: 3}
  shipExplosionPrefab: {fileID: 8311031010976494663, guid: ddee997a4d84942469851806f93a772e,
    type: 3}
--- !u!1 &6034524546894021180
GameObject:
  m_ObjectHideFlags: 0
  m_CorrespondingSourceObject: {fileID: 0}
  m_PrefabInstance: {fileID: 0}
  m_PrefabAsset: {fileID: 0}
  serializedVersion: 6
  m_Component:
  - component: {fileID: 4324730000075898859}
  - component: {fileID: 3451358951770024140}
  m_Layer: 0
  m_Name: Global Volume
  m_TagString: Untagged
  m_Icon: {fileID: 0}
  m_NavMeshLayer: 0
  m_StaticEditorFlags: 0
  m_IsActive: 1
--- !u!4 &4324730000075898859
Transform:
  m_ObjectHideFlags: 0
  m_CorrespondingSourceObject: {fileID: 0}
  m_PrefabInstance: {fileID: 0}
  m_PrefabAsset: {fileID: 0}
  m_GameObject: {fileID: 6034524546894021180}
  serializedVersion: 2
  m_LocalRotation: {x: 0, y: 0, z: 0, w: 1}
  m_LocalPosition: {x: -527.5, y: 730.5, z: 0}
  m_LocalScale: {x: 1, y: 1, z: 1}
  m_ConstrainProportionsScale: 0
  m_Children: []
  m_Father: {fileID: 8996089887438247751}
  m_LocalEulerAnglesHint: {x: 0, y: 0, z: 0}
--- !u!114 &3451358951770024140
MonoBehaviour:
  m_ObjectHideFlags: 0
  m_CorrespondingSourceObject: {fileID: 0}
  m_PrefabInstance: {fileID: 0}
  m_PrefabAsset: {fileID: 0}
  m_GameObject: {fileID: 6034524546894021180}
  m_Enabled: 1
  m_EditorHideFlags: 0
  m_Script: {fileID: 11500000, guid: 172515602e62fb746b5d573b38a5fe58, type: 3}
  m_Name: 
  m_EditorClassIdentifier: 
  m_IsGlobal: 1
  priority: 0
  blendDistance: 0
  weight: 1
  sharedProfile: {fileID: 11400000, guid: 9551a25e0c56ccdc6bb5667d068e0e0e, type: 2}
--- !u!1 &6640993332772464096
GameObject:
  m_ObjectHideFlags: 0
  m_CorrespondingSourceObject: {fileID: 0}
  m_PrefabInstance: {fileID: 0}
  m_PrefabAsset: {fileID: 0}
  serializedVersion: 6
  m_Component:
  - component: {fileID: 6354206946278112284}
  - component: {fileID: 2765840290468745438}
  - component: {fileID: 4554781675775919915}
  m_Layer: 0
  m_Name: cm
  m_TagString: Untagged
  m_Icon: {fileID: 0}
  m_NavMeshLayer: 0
  m_StaticEditorFlags: 0
  m_IsActive: 1
--- !u!4 &6354206946278112284
Transform:
  m_ObjectHideFlags: 0
  m_CorrespondingSourceObject: {fileID: 0}
  m_PrefabInstance: {fileID: 0}
  m_PrefabAsset: {fileID: 0}
  m_GameObject: {fileID: 6640993332772464096}
  serializedVersion: 2
  m_LocalRotation: {x: -0, y: -0, z: -0, w: 1}
  m_LocalPosition: {x: 0, y: 0, z: 0}
  m_LocalScale: {x: 1, y: 1, z: 1}
  m_ConstrainProportionsScale: 0
  m_Children: []
  m_Father: {fileID: 763242585555750842}
  m_LocalEulerAnglesHint: {x: 0, y: 0, z: 0}
--- !u!114 &2765840290468745438
MonoBehaviour:
  m_ObjectHideFlags: 0
  m_CorrespondingSourceObject: {fileID: 0}
  m_PrefabInstance: {fileID: 0}
  m_PrefabAsset: {fileID: 0}
  m_GameObject: {fileID: 6640993332772464096}
  m_Enabled: 1
  m_EditorHideFlags: 0
  m_Script: {fileID: 11500000, guid: ac0b09e7857660247b1477e93731de29, type: 3}
  m_Name: 
  m_EditorClassIdentifier: 
--- !u!114 &4554781675775919915
MonoBehaviour:
  m_ObjectHideFlags: 0
  m_CorrespondingSourceObject: {fileID: 0}
  m_PrefabInstance: {fileID: 0}
  m_PrefabAsset: {fileID: 0}
  m_GameObject: {fileID: 6640993332772464096}
  m_Enabled: 1
  m_EditorHideFlags: 0
  m_Script: {fileID: 11500000, guid: fa7155796051b734daa718462081dc5f, type: 3}
  m_Name: 
  m_EditorClassIdentifier: 
  m_BindingMode: 1
  m_FollowOffset: {x: 0, y: 0, z: -10}
  m_XDamping: 1
  m_YDamping: 1
  m_ZDamping: 1
  m_AngularDampingMode: 0
  m_PitchDamping: 0
  m_YawDamping: 0
  m_RollDamping: 0
  m_AngularDamping: 0
--- !u!1 &6713408278099577626
GameObject:
  m_ObjectHideFlags: 0
  m_CorrespondingSourceObject: {fileID: 0}
  m_PrefabInstance: {fileID: 0}
  m_PrefabAsset: {fileID: 0}
  serializedVersion: 6
  m_Component:
  - component: {fileID: 4249374916921135922}
  - component: {fileID: 225588590965783237}
  - component: {fileID: 2999081274210350341}
  - component: {fileID: 8746470879311747671}
  - component: {fileID: 3852807425861351629}
  m_Layer: 0
  m_Name: FPSLabelContainer
  m_TagString: Untagged
  m_Icon: {fileID: 0}
  m_NavMeshLayer: 0
  m_StaticEditorFlags: 0
  m_IsActive: 1
--- !u!224 &4249374916921135922
RectTransform:
  m_ObjectHideFlags: 0
  m_CorrespondingSourceObject: {fileID: 0}
  m_PrefabInstance: {fileID: 0}
  m_PrefabAsset: {fileID: 0}
  m_GameObject: {fileID: 6713408278099577626}
  m_LocalRotation: {x: 0, y: 0, z: 0, w: 1}
  m_LocalPosition: {x: 0, y: 0, z: 0}
  m_LocalScale: {x: 0, y: 0, z: 0}
  m_ConstrainProportionsScale: 0
  m_Children:
  - {fileID: 4371025929306602131}
  m_Father: {fileID: 8996089887438247751}
  m_LocalEulerAnglesHint: {x: 0, y: 0, z: 0}
  m_AnchorMin: {x: 0, y: 0}
  m_AnchorMax: {x: 0, y: 0}
  m_AnchoredPosition: {x: 0, y: 0}
  m_SizeDelta: {x: 0, y: 0}
  m_Pivot: {x: 0, y: 0}
--- !u!223 &225588590965783237
Canvas:
  m_ObjectHideFlags: 0
  m_CorrespondingSourceObject: {fileID: 0}
  m_PrefabInstance: {fileID: 0}
  m_PrefabAsset: {fileID: 0}
  m_GameObject: {fileID: 6713408278099577626}
  m_Enabled: 1
  serializedVersion: 3
  m_RenderMode: 0
  m_Camera: {fileID: 0}
  m_PlaneDistance: 100
  m_PixelPerfect: 0
  m_ReceivesEvents: 1
  m_OverrideSorting: 0
  m_OverridePixelPerfect: 0
  m_SortingBucketNormalizedSize: 0
  m_VertexColorAlwaysGammaSpace: 0
  m_AdditionalShaderChannelsFlag: 25
  m_UpdateRectTransformForStandalone: 0
  m_SortingLayerID: 0
  m_SortingOrder: 0
  m_TargetDisplay: 0
--- !u!114 &2999081274210350341
MonoBehaviour:
  m_ObjectHideFlags: 0
  m_CorrespondingSourceObject: {fileID: 0}
  m_PrefabInstance: {fileID: 0}
  m_PrefabAsset: {fileID: 0}
  m_GameObject: {fileID: 6713408278099577626}
  m_Enabled: 1
  m_EditorHideFlags: 0
  m_Script: {fileID: 11500000, guid: 0cd44c1031e13a943bb63640046fad76, type: 3}
  m_Name: 
  m_EditorClassIdentifier: 
  m_UiScaleMode: 0
  m_ReferencePixelsPerUnit: 100
  m_ScaleFactor: 1
  m_ReferenceResolution: {x: 1920, y: 1080}
  m_ScreenMatchMode: 0
  m_MatchWidthOrHeight: 0
  m_PhysicalUnit: 3
  m_FallbackScreenDPI: 96
  m_DefaultSpriteDPI: 96
  m_DynamicPixelsPerUnit: 1
  m_PresetInfoIsWorld: 0
--- !u!114 &8746470879311747671
MonoBehaviour:
  m_ObjectHideFlags: 0
  m_CorrespondingSourceObject: {fileID: 0}
  m_PrefabInstance: {fileID: 0}
  m_PrefabAsset: {fileID: 0}
  m_GameObject: {fileID: 6713408278099577626}
  m_Enabled: 1
  m_EditorHideFlags: 0
  m_Script: {fileID: 11500000, guid: dc42784cf147c0c48a680349fa168899, type: 3}
  m_Name: 
  m_EditorClassIdentifier: 
  m_IgnoreReversedGraphics: 1
  m_BlockingObjects: 0
  m_BlockingMask:
    serializedVersion: 2
    m_Bits: 4294967295
--- !u!114 &3852807425861351629
MonoBehaviour:
  m_ObjectHideFlags: 0
  m_CorrespondingSourceObject: {fileID: 0}
  m_PrefabInstance: {fileID: 0}
  m_PrefabAsset: {fileID: 0}
  m_GameObject: {fileID: 6713408278099577626}
  m_Enabled: 1
  m_EditorHideFlags: 0
  m_Script: {fileID: 11500000, guid: 5d3e03c38a80e3e31b7eb5257e594685, type: 3}
  m_Name: 
  m_EditorClassIdentifier: 
--- !u!1 &8217995107741123440
GameObject:
  m_ObjectHideFlags: 0
  m_CorrespondingSourceObject: {fileID: 0}
  m_PrefabInstance: {fileID: 0}
  m_PrefabAsset: {fileID: 0}
  serializedVersion: 6
  m_Component:
  - component: {fileID: 4371025929306602131}
  - component: {fileID: 2247331555530352113}
  - component: {fileID: 3703915345404405702}
  m_Layer: 0
  m_Name: FPSLabel
  m_TagString: FPSLabel
  m_Icon: {fileID: 0}
  m_NavMeshLayer: 0
  m_StaticEditorFlags: 0
  m_IsActive: 1
--- !u!224 &4371025929306602131
RectTransform:
  m_ObjectHideFlags: 0
  m_CorrespondingSourceObject: {fileID: 0}
  m_PrefabInstance: {fileID: 0}
  m_PrefabAsset: {fileID: 0}
  m_GameObject: {fileID: 8217995107741123440}
  m_LocalRotation: {x: -0, y: -0, z: -0, w: 1}
  m_LocalPosition: {x: 0, y: 0, z: 0}
  m_LocalScale: {x: 1, y: 1, z: 1}
  m_ConstrainProportionsScale: 0
  m_Children: []
  m_Father: {fileID: 4249374916921135922}
  m_LocalEulerAnglesHint: {x: 0, y: 0, z: 0}
  m_AnchorMin: {x: 1, y: 1}
  m_AnchorMax: {x: 1, y: 1}
  m_AnchoredPosition: {x: 0, y: 0}
  m_SizeDelta: {x: 200, y: 34}
  m_Pivot: {x: 1, y: 1}
--- !u!222 &2247331555530352113
CanvasRenderer:
  m_ObjectHideFlags: 0
  m_CorrespondingSourceObject: {fileID: 0}
  m_PrefabInstance: {fileID: 0}
  m_PrefabAsset: {fileID: 0}
  m_GameObject: {fileID: 8217995107741123440}
  m_CullTransparentMesh: 0
--- !u!114 &3703915345404405702
MonoBehaviour:
  m_ObjectHideFlags: 0
  m_CorrespondingSourceObject: {fileID: 0}
  m_PrefabInstance: {fileID: 0}
  m_PrefabAsset: {fileID: 0}
  m_GameObject: {fileID: 8217995107741123440}
  m_Enabled: 1
  m_EditorHideFlags: 0
  m_Script: {fileID: 11500000, guid: 5f7201a12d95ffc409449d95f23cf332, type: 3}
  m_Name: 
  m_EditorClassIdentifier: 
  m_Material: {fileID: 2100000, guid: 43d59b5c638b0664db55f3a4e4d130ef, type: 2}
  m_Color: {r: 0.13207549, g: 0.13207549, b: 0.13207549, a: 1}
  m_RaycastTarget: 1
  m_RaycastPadding: {x: 0, y: 0, z: 0, w: 0}
  m_Maskable: 1
  m_OnCullStateChanged:
    m_PersistentCalls:
      m_Calls: []
  m_FontData:
    m_Font: {fileID: 12800000, guid: 652f7165b7c30ab46af6c4aad90a639b, type: 2}
    m_FontSize: 22
    m_FontStyle: 0
    m_BestFit: 0
    m_MinSize: 0
    m_MaxSize: 46
    m_Alignment: 2
    m_AlignByGeometry: 0
    m_RichText: 1
    m_HorizontalOverflow: 0
    m_VerticalOverflow: 0
    m_LineSpacing: 1
  m_Text: 
--- !u!1 &8689898169360038933
GameObject:
  m_ObjectHideFlags: 0
  m_CorrespondingSourceObject: {fileID: 0}
  m_PrefabInstance: {fileID: 0}
  m_PrefabAsset: {fileID: 0}
  serializedVersion: 6
  m_Component:
  - component: {fileID: 763242585555750842}
  - component: {fileID: 5217247729308175143}
  m_Layer: 0
  m_Name: VCBuildMenu
  m_TagString: Untagged
  m_Icon: {fileID: 0}
  m_NavMeshLayer: 0
  m_StaticEditorFlags: 0
  m_IsActive: 1
--- !u!4 &763242585555750842
Transform:
  m_ObjectHideFlags: 0
  m_CorrespondingSourceObject: {fileID: 0}
  m_PrefabInstance: {fileID: 0}
  m_PrefabAsset: {fileID: 0}
  m_GameObject: {fileID: 8689898169360038933}
  serializedVersion: 2
  m_LocalRotation: {x: 0.7071068, y: -0, z: -0, w: 0.7071068}
  m_LocalPosition: {x: 0, y: 0, z: 200}
  m_LocalScale: {x: 1, y: 1, z: 1}
  m_ConstrainProportionsScale: 0
  m_Children:
  - {fileID: 6354206946278112284}
  m_Father: {fileID: 7046683320699562261}
  m_LocalEulerAnglesHint: {x: 90, y: 0, z: 0}
--- !u!114 &5217247729308175143
MonoBehaviour:
  m_ObjectHideFlags: 0
  m_CorrespondingSourceObject: {fileID: 0}
  m_PrefabInstance: {fileID: 0}
  m_PrefabAsset: {fileID: 0}
  m_GameObject: {fileID: 8689898169360038933}
  m_Enabled: 1
  m_EditorHideFlags: 0
  m_Script: {fileID: 11500000, guid: 45e653bab7fb20e499bda25e1b646fea, type: 3}
  m_Name: 
  m_EditorClassIdentifier: 
  m_ExcludedPropertiesInInspector:
  - m_Script
  m_LockStageInInspector: 
  m_StreamingVersion: 20170927
  m_Priority: 10
  m_StandbyUpdate: 2
  m_LookAt: {fileID: 0}
  m_Follow: {fileID: 0}
  m_Lens:
    FieldOfView: 60.000004
    OrthographicSize: 1500
    NearClipPlane: 0.3
    FarClipPlane: 10000
    Dutch: 0
    ModeOverride: 1
    LensShift: {x: 0, y: 0}
    GateFit: 2
    FocusDistance: 10
    m_SensorSize: {x: 1, y: 1}
  m_Transitions:
    m_BlendHint: 1
    m_InheritPosition: 0
    m_OnCameraLive:
      m_PersistentCalls:
        m_Calls: []
  m_LegacyBlendHint: 0
  m_ComponentOwner: {fileID: 6354206946278112284}
--- !u!1 &8996089887438247744
GameObject:
  m_ObjectHideFlags: 0
  m_CorrespondingSourceObject: {fileID: 0}
  m_PrefabInstance: {fileID: 0}
  m_PrefabAsset: {fileID: 0}
  serializedVersion: 6
  m_Component:
  - component: {fileID: 8996089887438247751}
  m_Layer: 0
  m_Name: StandardGameData
  m_TagString: Untagged
  m_Icon: {fileID: 0}
  m_NavMeshLayer: 0
  m_StaticEditorFlags: 0
  m_IsActive: 1
--- !u!4 &8996089887438247751
Transform:
  m_ObjectHideFlags: 0
  m_CorrespondingSourceObject: {fileID: 0}
  m_PrefabInstance: {fileID: 0}
  m_PrefabAsset: {fileID: 0}
  m_GameObject: {fileID: 8996089887438247744}
  serializedVersion: 2
  m_LocalRotation: {x: 0, y: 0, z: 0, w: 1}
  m_LocalPosition: {x: 0, y: 0, z: 0}
  m_LocalScale: {x: 1, y: 1, z: 1}
  m_ConstrainProportionsScale: 0
  m_Children:
  - {fileID: 7046683320699562261}
  - {fileID: 2582377720546212930}
  - {fileID: 4809941133560855247}
  - {fileID: 3983959196703339085}
  - {fileID: 485928016950725561}
  - {fileID: 4324730000075898859}
  - {fileID: 5237630758182711658}
  - {fileID: 5643716396538510688}
  - {fileID: 3430278406195185522}
  - {fileID: 4228674484414910343}
  - {fileID: 2897805031570403564}
  - {fileID: 6109445369333345675}
  - {fileID: 1127966202798735178}
  - {fileID: 4249374916921135922}
  m_Father: {fileID: 0}
  m_LocalEulerAnglesHint: {x: 0, y: 0, z: 0}
--- !u!1001 &1672118976583537390
PrefabInstance:
  m_ObjectHideFlags: 0
  serializedVersion: 2
  m_Modification:
    serializedVersion: 3
    m_TransformParent: {fileID: 8996089887438247751}
    m_Modifications:
    - target: {fileID: 4540645520869450242, guid: adbe62ae8ba9b4d09a09cf53b87333c9,
        type: 3}
      propertyPath: m_Pivot.x
      value: 0
      objectReference: {fileID: 0}
    - target: {fileID: 4540645520869450242, guid: adbe62ae8ba9b4d09a09cf53b87333c9,
        type: 3}
      propertyPath: m_Pivot.y
      value: 0
      objectReference: {fileID: 0}
    - target: {fileID: 4540645520869450242, guid: adbe62ae8ba9b4d09a09cf53b87333c9,
        type: 3}
      propertyPath: m_RootOrder
      value: 12
      objectReference: {fileID: 0}
    - target: {fileID: 4540645520869450242, guid: adbe62ae8ba9b4d09a09cf53b87333c9,
        type: 3}
      propertyPath: m_AnchorMax.x
      value: 0
      objectReference: {fileID: 0}
    - target: {fileID: 4540645520869450242, guid: adbe62ae8ba9b4d09a09cf53b87333c9,
        type: 3}
      propertyPath: m_AnchorMax.y
      value: 0
      objectReference: {fileID: 0}
    - target: {fileID: 4540645520869450242, guid: adbe62ae8ba9b4d09a09cf53b87333c9,
        type: 3}
      propertyPath: m_AnchorMin.x
      value: 0
      objectReference: {fileID: 0}
    - target: {fileID: 4540645520869450242, guid: adbe62ae8ba9b4d09a09cf53b87333c9,
        type: 3}
      propertyPath: m_AnchorMin.y
      value: 0
      objectReference: {fileID: 0}
    - target: {fileID: 4540645520869450242, guid: adbe62ae8ba9b4d09a09cf53b87333c9,
        type: 3}
      propertyPath: m_SizeDelta.x
      value: 0
      objectReference: {fileID: 0}
    - target: {fileID: 4540645520869450242, guid: adbe62ae8ba9b4d09a09cf53b87333c9,
        type: 3}
      propertyPath: m_SizeDelta.y
      value: 0
      objectReference: {fileID: 0}
    - target: {fileID: 4540645520869450242, guid: adbe62ae8ba9b4d09a09cf53b87333c9,
        type: 3}
      propertyPath: m_LocalPosition.x
      value: 0
      objectReference: {fileID: 0}
    - target: {fileID: 4540645520869450242, guid: adbe62ae8ba9b4d09a09cf53b87333c9,
        type: 3}
      propertyPath: m_LocalPosition.y
      value: 0
      objectReference: {fileID: 0}
    - target: {fileID: 4540645520869450242, guid: adbe62ae8ba9b4d09a09cf53b87333c9,
        type: 3}
      propertyPath: m_LocalPosition.z
      value: 0
      objectReference: {fileID: 0}
    - target: {fileID: 4540645520869450242, guid: adbe62ae8ba9b4d09a09cf53b87333c9,
        type: 3}
      propertyPath: m_LocalRotation.w
      value: 1
      objectReference: {fileID: 0}
    - target: {fileID: 4540645520869450242, guid: adbe62ae8ba9b4d09a09cf53b87333c9,
        type: 3}
      propertyPath: m_LocalRotation.x
      value: 0
      objectReference: {fileID: 0}
    - target: {fileID: 4540645520869450242, guid: adbe62ae8ba9b4d09a09cf53b87333c9,
        type: 3}
      propertyPath: m_LocalRotation.y
      value: 0
      objectReference: {fileID: 0}
    - target: {fileID: 4540645520869450242, guid: adbe62ae8ba9b4d09a09cf53b87333c9,
        type: 3}
      propertyPath: m_LocalRotation.z
      value: 0
      objectReference: {fileID: 0}
    - target: {fileID: 4540645520869450242, guid: adbe62ae8ba9b4d09a09cf53b87333c9,
        type: 3}
      propertyPath: m_AnchoredPosition.x
      value: 0
      objectReference: {fileID: 0}
    - target: {fileID: 4540645520869450242, guid: adbe62ae8ba9b4d09a09cf53b87333c9,
        type: 3}
      propertyPath: m_AnchoredPosition.y
      value: 0
      objectReference: {fileID: 0}
    - target: {fileID: 4540645520869450242, guid: adbe62ae8ba9b4d09a09cf53b87333c9,
        type: 3}
      propertyPath: m_LocalEulerAnglesHint.x
      value: 0
      objectReference: {fileID: 0}
    - target: {fileID: 4540645520869450242, guid: adbe62ae8ba9b4d09a09cf53b87333c9,
        type: 3}
      propertyPath: m_LocalEulerAnglesHint.y
      value: 0
      objectReference: {fileID: 0}
    - target: {fileID: 4540645520869450242, guid: adbe62ae8ba9b4d09a09cf53b87333c9,
        type: 3}
      propertyPath: m_LocalEulerAnglesHint.z
      value: 0
      objectReference: {fileID: 0}
    - target: {fileID: 6562957380257689378, guid: adbe62ae8ba9b4d09a09cf53b87333c9,
        type: 3}
      propertyPath: m_Name
      value: PlayerDestroyedScreen
      objectReference: {fileID: 0}
    m_RemovedComponents: []
    m_RemovedGameObjects: []
    m_AddedGameObjects: []
    m_AddedComponents: []
  m_SourcePrefab: {fileID: 100100000, guid: adbe62ae8ba9b4d09a09cf53b87333c9, type: 3}
--- !u!224 &2897805031570403564 stripped
RectTransform:
  m_CorrespondingSourceObject: {fileID: 4540645520869450242, guid: adbe62ae8ba9b4d09a09cf53b87333c9,
    type: 3}
  m_PrefabInstance: {fileID: 1672118976583537390}
  m_PrefabAsset: {fileID: 0}
--- !u!1001 &2419272659015231279
PrefabInstance:
  m_ObjectHideFlags: 0
  serializedVersion: 2
  m_Modification:
    serializedVersion: 3
    m_TransformParent: {fileID: 8996089887438247751}
    m_Modifications:
    - target: {fileID: 821421145793658378, guid: f82a944ec14b8d3848522dc49a2329f1,
        type: 3}
      propertyPath: m_textAlignment
      value: 65535
      objectReference: {fileID: 0}
    - target: {fileID: 821421145793658378, guid: f82a944ec14b8d3848522dc49a2329f1,
        type: 3}
      propertyPath: m_TextStyleHashCode
      value: -1183493901
      objectReference: {fileID: 0}
    - target: {fileID: 821421145793658378, guid: f82a944ec14b8d3848522dc49a2329f1,
        type: 3}
      propertyPath: m_VerticalAlignment
      value: 512
      objectReference: {fileID: 0}
    - target: {fileID: 821421145793658378, guid: f82a944ec14b8d3848522dc49a2329f1,
        type: 3}
      propertyPath: m_HorizontalAlignment
      value: 2
      objectReference: {fileID: 0}
    - target: {fileID: 1011119291285626973, guid: f82a944ec14b8d3848522dc49a2329f1,
        type: 3}
      propertyPath: m_Pivot.x
      value: 0
      objectReference: {fileID: 0}
    - target: {fileID: 1011119291285626973, guid: f82a944ec14b8d3848522dc49a2329f1,
        type: 3}
      propertyPath: m_Pivot.y
      value: 0
      objectReference: {fileID: 0}
    - target: {fileID: 1011119291285626973, guid: f82a944ec14b8d3848522dc49a2329f1,
        type: 3}
      propertyPath: m_RootOrder
      value: 10
      objectReference: {fileID: 0}
    - target: {fileID: 1011119291285626973, guid: f82a944ec14b8d3848522dc49a2329f1,
        type: 3}
      propertyPath: m_AnchorMax.x
      value: 0
      objectReference: {fileID: 0}
    - target: {fileID: 1011119291285626973, guid: f82a944ec14b8d3848522dc49a2329f1,
        type: 3}
      propertyPath: m_AnchorMax.y
      value: 0
      objectReference: {fileID: 0}
    - target: {fileID: 1011119291285626973, guid: f82a944ec14b8d3848522dc49a2329f1,
        type: 3}
      propertyPath: m_AnchorMin.x
      value: 0
      objectReference: {fileID: 0}
    - target: {fileID: 1011119291285626973, guid: f82a944ec14b8d3848522dc49a2329f1,
        type: 3}
      propertyPath: m_AnchorMin.y
      value: 0
      objectReference: {fileID: 0}
    - target: {fileID: 1011119291285626973, guid: f82a944ec14b8d3848522dc49a2329f1,
        type: 3}
      propertyPath: m_SizeDelta.x
      value: 0
      objectReference: {fileID: 0}
    - target: {fileID: 1011119291285626973, guid: f82a944ec14b8d3848522dc49a2329f1,
        type: 3}
      propertyPath: m_SizeDelta.y
      value: 0
      objectReference: {fileID: 0}
    - target: {fileID: 1011119291285626973, guid: f82a944ec14b8d3848522dc49a2329f1,
        type: 3}
      propertyPath: m_LocalPosition.x
      value: 0
      objectReference: {fileID: 0}
    - target: {fileID: 1011119291285626973, guid: f82a944ec14b8d3848522dc49a2329f1,
        type: 3}
      propertyPath: m_LocalPosition.y
      value: 0
      objectReference: {fileID: 0}
    - target: {fileID: 1011119291285626973, guid: f82a944ec14b8d3848522dc49a2329f1,
        type: 3}
      propertyPath: m_LocalPosition.z
      value: 0
      objectReference: {fileID: 0}
    - target: {fileID: 1011119291285626973, guid: f82a944ec14b8d3848522dc49a2329f1,
        type: 3}
      propertyPath: m_LocalRotation.w
      value: 1
      objectReference: {fileID: 0}
    - target: {fileID: 1011119291285626973, guid: f82a944ec14b8d3848522dc49a2329f1,
        type: 3}
      propertyPath: m_LocalRotation.x
      value: 0
      objectReference: {fileID: 0}
    - target: {fileID: 1011119291285626973, guid: f82a944ec14b8d3848522dc49a2329f1,
        type: 3}
      propertyPath: m_LocalRotation.y
      value: 0
      objectReference: {fileID: 0}
    - target: {fileID: 1011119291285626973, guid: f82a944ec14b8d3848522dc49a2329f1,
        type: 3}
      propertyPath: m_LocalRotation.z
      value: 0
      objectReference: {fileID: 0}
    - target: {fileID: 1011119291285626973, guid: f82a944ec14b8d3848522dc49a2329f1,
        type: 3}
      propertyPath: m_AnchoredPosition.x
      value: 0
      objectReference: {fileID: 0}
    - target: {fileID: 1011119291285626973, guid: f82a944ec14b8d3848522dc49a2329f1,
        type: 3}
      propertyPath: m_AnchoredPosition.y
      value: 0
      objectReference: {fileID: 0}
    - target: {fileID: 1011119291285626973, guid: f82a944ec14b8d3848522dc49a2329f1,
        type: 3}
      propertyPath: m_LocalEulerAnglesHint.x
      value: 0
      objectReference: {fileID: 0}
    - target: {fileID: 1011119291285626973, guid: f82a944ec14b8d3848522dc49a2329f1,
        type: 3}
      propertyPath: m_LocalEulerAnglesHint.y
      value: 0
      objectReference: {fileID: 0}
    - target: {fileID: 1011119291285626973, guid: f82a944ec14b8d3848522dc49a2329f1,
        type: 3}
      propertyPath: m_LocalEulerAnglesHint.z
      value: 0
      objectReference: {fileID: 0}
    - target: {fileID: 1955657609153603903, guid: f82a944ec14b8d3848522dc49a2329f1,
        type: 3}
      propertyPath: m_AdditionalShaderChannelsFlag
      value: 25
      objectReference: {fileID: 0}
    - target: {fileID: 3209423299309118034, guid: f82a944ec14b8d3848522dc49a2329f1,
        type: 3}
      propertyPath: m_Name
      value: PauseMenu
      objectReference: {fileID: 0}
    - target: {fileID: 4380691614435849454, guid: f82a944ec14b8d3848522dc49a2329f1,
        type: 3}
      propertyPath: m_textAlignment
      value: 65535
      objectReference: {fileID: 0}
    - target: {fileID: 4380691614435849454, guid: f82a944ec14b8d3848522dc49a2329f1,
        type: 3}
      propertyPath: m_TextStyleHashCode
      value: -1183493901
      objectReference: {fileID: 0}
    - target: {fileID: 4380691614435849454, guid: f82a944ec14b8d3848522dc49a2329f1,
        type: 3}
      propertyPath: m_HorizontalAlignment
      value: 8
      objectReference: {fileID: 0}
    - target: {fileID: 5045816627936332661, guid: f82a944ec14b8d3848522dc49a2329f1,
        type: 3}
      propertyPath: m_textAlignment
      value: 65535
      objectReference: {fileID: 0}
    - target: {fileID: 5045816627936332661, guid: f82a944ec14b8d3848522dc49a2329f1,
        type: 3}
      propertyPath: m_TextStyleHashCode
      value: -1183493901
      objectReference: {fileID: 0}
    - target: {fileID: 5045816627936332661, guid: f82a944ec14b8d3848522dc49a2329f1,
        type: 3}
      propertyPath: m_VerticalAlignment
      value: 512
      objectReference: {fileID: 0}
    - target: {fileID: 5045816627936332661, guid: f82a944ec14b8d3848522dc49a2329f1,
        type: 3}
      propertyPath: m_HorizontalAlignment
      value: 2
      objectReference: {fileID: 0}
    - target: {fileID: 5237903413174409112, guid: f82a944ec14b8d3848522dc49a2329f1,
        type: 3}
      propertyPath: m_textAlignment
      value: 65535
      objectReference: {fileID: 0}
    - target: {fileID: 5237903413174409112, guid: f82a944ec14b8d3848522dc49a2329f1,
        type: 3}
      propertyPath: m_TextStyleHashCode
      value: -1183493901
      objectReference: {fileID: 0}
    - target: {fileID: 5237903413174409112, guid: f82a944ec14b8d3848522dc49a2329f1,
        type: 3}
      propertyPath: m_VerticalAlignment
      value: 512
      objectReference: {fileID: 0}
    - target: {fileID: 5237903413174409112, guid: f82a944ec14b8d3848522dc49a2329f1,
        type: 3}
      propertyPath: m_HorizontalAlignment
      value: 2
      objectReference: {fileID: 0}
    - target: {fileID: 5361950989969283541, guid: f82a944ec14b8d3848522dc49a2329f1,
        type: 3}
      propertyPath: m_textAlignment
      value: 65535
      objectReference: {fileID: 0}
    - target: {fileID: 5361950989969283541, guid: f82a944ec14b8d3848522dc49a2329f1,
        type: 3}
      propertyPath: m_TextStyleHashCode
      value: -1183493901
      objectReference: {fileID: 0}
    - target: {fileID: 5361950989969283541, guid: f82a944ec14b8d3848522dc49a2329f1,
        type: 3}
      propertyPath: m_VerticalAlignment
      value: 512
      objectReference: {fileID: 0}
    - target: {fileID: 5361950989969283541, guid: f82a944ec14b8d3848522dc49a2329f1,
        type: 3}
      propertyPath: m_HorizontalAlignment
      value: 2
      objectReference: {fileID: 0}
    - target: {fileID: 5367613948419559574, guid: f82a944ec14b8d3848522dc49a2329f1,
        type: 3}
      propertyPath: m_textAlignment
      value: 65535
      objectReference: {fileID: 0}
    - target: {fileID: 5367613948419559574, guid: f82a944ec14b8d3848522dc49a2329f1,
        type: 3}
      propertyPath: m_TextStyleHashCode
      value: -1183493901
      objectReference: {fileID: 0}
    - target: {fileID: 7579275155161982378, guid: f82a944ec14b8d3848522dc49a2329f1,
        type: 3}
      propertyPath: m_textAlignment
      value: 65535
      objectReference: {fileID: 0}
    - target: {fileID: 7579275155161982378, guid: f82a944ec14b8d3848522dc49a2329f1,
        type: 3}
      propertyPath: m_TextStyleHashCode
      value: -1183493901
      objectReference: {fileID: 0}
    - target: {fileID: 8536791248431748057, guid: f82a944ec14b8d3848522dc49a2329f1,
        type: 3}
      propertyPath: m_textAlignment
      value: 65535
      objectReference: {fileID: 0}
    - target: {fileID: 8536791248431748057, guid: f82a944ec14b8d3848522dc49a2329f1,
        type: 3}
      propertyPath: m_TextStyleHashCode
      value: -1183493901
      objectReference: {fileID: 0}
    - target: {fileID: 8853782234450643754, guid: f82a944ec14b8d3848522dc49a2329f1,
        type: 3}
      propertyPath: m_textAlignment
      value: 65535
      objectReference: {fileID: 0}
    - target: {fileID: 8853782234450643754, guid: f82a944ec14b8d3848522dc49a2329f1,
        type: 3}
      propertyPath: m_TextStyleHashCode
      value: -1183493901
      objectReference: {fileID: 0}
    - target: {fileID: 8853782234450643754, guid: f82a944ec14b8d3848522dc49a2329f1,
        type: 3}
      propertyPath: m_VerticalAlignment
      value: 512
      objectReference: {fileID: 0}
    - target: {fileID: 8853782234450643754, guid: f82a944ec14b8d3848522dc49a2329f1,
        type: 3}
      propertyPath: m_HorizontalAlignment
      value: 2
      objectReference: {fileID: 0}
    m_RemovedComponents: []
    m_RemovedGameObjects: []
    m_AddedGameObjects: []
    m_AddedComponents: []
  m_SourcePrefab: {fileID: 100100000, guid: f82a944ec14b8d3848522dc49a2329f1, type: 3}
--- !u!224 &3430278406195185522 stripped
RectTransform:
  m_CorrespondingSourceObject: {fileID: 1011119291285626973, guid: f82a944ec14b8d3848522dc49a2329f1,
    type: 3}
  m_PrefabInstance: {fileID: 2419272659015231279}
  m_PrefabAsset: {fileID: 0}
--- !u!1001 &3400577570208632285
PrefabInstance:
  m_ObjectHideFlags: 0
  serializedVersion: 2
  m_Modification:
    serializedVersion: 3
    m_TransformParent: {fileID: 8996089887438247751}
    m_Modifications:
    - target: {fileID: 1557685005574816346, guid: ab725a7297f31ec55a289715361b9936,
        type: 3}
      propertyPath: m_Pivot.x
      value: 0
      objectReference: {fileID: 0}
    - target: {fileID: 1557685005574816346, guid: ab725a7297f31ec55a289715361b9936,
        type: 3}
      propertyPath: m_Pivot.y
      value: 0
      objectReference: {fileID: 0}
    - target: {fileID: 1557685005574816346, guid: ab725a7297f31ec55a289715361b9936,
        type: 3}
      propertyPath: m_RootOrder
      value: 11
      objectReference: {fileID: 0}
    - target: {fileID: 1557685005574816346, guid: ab725a7297f31ec55a289715361b9936,
        type: 3}
      propertyPath: m_AnchorMax.x
      value: 0
      objectReference: {fileID: 0}
    - target: {fileID: 1557685005574816346, guid: ab725a7297f31ec55a289715361b9936,
        type: 3}
      propertyPath: m_AnchorMax.y
      value: 0
      objectReference: {fileID: 0}
    - target: {fileID: 1557685005574816346, guid: ab725a7297f31ec55a289715361b9936,
        type: 3}
      propertyPath: m_AnchorMin.x
      value: 0
      objectReference: {fileID: 0}
    - target: {fileID: 1557685005574816346, guid: ab725a7297f31ec55a289715361b9936,
        type: 3}
      propertyPath: m_AnchorMin.y
      value: 0
      objectReference: {fileID: 0}
    - target: {fileID: 1557685005574816346, guid: ab725a7297f31ec55a289715361b9936,
        type: 3}
      propertyPath: m_SizeDelta.x
      value: 0
      objectReference: {fileID: 0}
    - target: {fileID: 1557685005574816346, guid: ab725a7297f31ec55a289715361b9936,
        type: 3}
      propertyPath: m_SizeDelta.y
      value: 0
      objectReference: {fileID: 0}
    - target: {fileID: 1557685005574816346, guid: ab725a7297f31ec55a289715361b9936,
        type: 3}
      propertyPath: m_LocalPosition.x
      value: 0
      objectReference: {fileID: 0}
    - target: {fileID: 1557685005574816346, guid: ab725a7297f31ec55a289715361b9936,
        type: 3}
      propertyPath: m_LocalPosition.y
      value: 0
      objectReference: {fileID: 0}
    - target: {fileID: 1557685005574816346, guid: ab725a7297f31ec55a289715361b9936,
        type: 3}
      propertyPath: m_LocalPosition.z
      value: 0
      objectReference: {fileID: 0}
    - target: {fileID: 1557685005574816346, guid: ab725a7297f31ec55a289715361b9936,
        type: 3}
      propertyPath: m_LocalRotation.w
      value: 1
      objectReference: {fileID: 0}
    - target: {fileID: 1557685005574816346, guid: ab725a7297f31ec55a289715361b9936,
        type: 3}
      propertyPath: m_LocalRotation.x
      value: 0
      objectReference: {fileID: 0}
    - target: {fileID: 1557685005574816346, guid: ab725a7297f31ec55a289715361b9936,
        type: 3}
      propertyPath: m_LocalRotation.y
      value: 0
      objectReference: {fileID: 0}
    - target: {fileID: 1557685005574816346, guid: ab725a7297f31ec55a289715361b9936,
        type: 3}
      propertyPath: m_LocalRotation.z
      value: 0
      objectReference: {fileID: 0}
    - target: {fileID: 1557685005574816346, guid: ab725a7297f31ec55a289715361b9936,
        type: 3}
      propertyPath: m_AnchoredPosition.x
      value: 0
      objectReference: {fileID: 0}
    - target: {fileID: 1557685005574816346, guid: ab725a7297f31ec55a289715361b9936,
        type: 3}
      propertyPath: m_AnchoredPosition.y
      value: 0
      objectReference: {fileID: 0}
    - target: {fileID: 1557685005574816346, guid: ab725a7297f31ec55a289715361b9936,
        type: 3}
      propertyPath: m_LocalEulerAnglesHint.x
      value: 0
      objectReference: {fileID: 0}
    - target: {fileID: 1557685005574816346, guid: ab725a7297f31ec55a289715361b9936,
        type: 3}
      propertyPath: m_LocalEulerAnglesHint.y
      value: 0
      objectReference: {fileID: 0}
    - target: {fileID: 1557685005574816346, guid: ab725a7297f31ec55a289715361b9936,
        type: 3}
      propertyPath: m_LocalEulerAnglesHint.z
      value: 0
      objectReference: {fileID: 0}
    - target: {fileID: 3125812196876037984, guid: ab725a7297f31ec55a289715361b9936,
        type: 3}
      propertyPath: m_Name
      value: BuildMenu
      objectReference: {fileID: 0}
    m_RemovedComponents: []
    m_RemovedGameObjects: []
    m_AddedGameObjects: []
    m_AddedComponents: []
  m_SourcePrefab: {fileID: 100100000, guid: ab725a7297f31ec55a289715361b9936, type: 3}
--- !u!224 &4228674484414910343 stripped
RectTransform:
  m_CorrespondingSourceObject: {fileID: 1557685005574816346, guid: ab725a7297f31ec55a289715361b9936,
    type: 3}
  m_PrefabInstance: {fileID: 3400577570208632285}
  m_PrefabAsset: {fileID: 0}
--- !u!1001 &3505148795859148104
PrefabInstance:
  m_ObjectHideFlags: 0
  serializedVersion: 2
  m_Modification:
    serializedVersion: 3
    m_TransformParent: {fileID: 8996089887438247751}
    m_Modifications:
    - target: {fileID: 1863093646883906348, guid: b390a6cb0c976fa488734330246a0b1c,
        type: 3}
      propertyPath: m_textAlignment
      value: 65535
      objectReference: {fileID: 0}
    - target: {fileID: 1863093646883906348, guid: b390a6cb0c976fa488734330246a0b1c,
        type: 3}
      propertyPath: m_TextStyleHashCode
      value: -1183493901
      objectReference: {fileID: 0}
    - target: {fileID: 1863093646883906348, guid: b390a6cb0c976fa488734330246a0b1c,
        type: 3}
      propertyPath: m_VerticalAlignment
      value: 512
      objectReference: {fileID: 0}
    - target: {fileID: 1863093646883906348, guid: b390a6cb0c976fa488734330246a0b1c,
        type: 3}
      propertyPath: m_textInfo.lineCount
      value: 1
      objectReference: {fileID: 0}
    - target: {fileID: 1863093646883906348, guid: b390a6cb0c976fa488734330246a0b1c,
        type: 3}
      propertyPath: m_textInfo.pageCount
      value: 1
      objectReference: {fileID: 0}
    - target: {fileID: 1863093646883906348, guid: b390a6cb0c976fa488734330246a0b1c,
        type: 3}
      propertyPath: m_textInfo.wordCount
      value: 1
      objectReference: {fileID: 0}
    - target: {fileID: 1863093646883906348, guid: b390a6cb0c976fa488734330246a0b1c,
        type: 3}
      propertyPath: m_HorizontalAlignment
      value: 2
      objectReference: {fileID: 0}
    - target: {fileID: 1863093646883906348, guid: b390a6cb0c976fa488734330246a0b1c,
        type: 3}
      propertyPath: m_textInfo.characterCount
      value: 9
      objectReference: {fileID: 0}
    - target: {fileID: 4149577494215348202, guid: b390a6cb0c976fa488734330246a0b1c,
        type: 3}
      propertyPath: localPlayer
      value: 
      objectReference: {fileID: 8773152843883086160}
    - target: {fileID: 4540645520869450242, guid: b390a6cb0c976fa488734330246a0b1c,
        type: 3}
      propertyPath: m_Pivot.x
      value: 0
      objectReference: {fileID: 0}
    - target: {fileID: 4540645520869450242, guid: b390a6cb0c976fa488734330246a0b1c,
        type: 3}
      propertyPath: m_Pivot.y
      value: 0
      objectReference: {fileID: 0}
    - target: {fileID: 4540645520869450242, guid: b390a6cb0c976fa488734330246a0b1c,
        type: 3}
      propertyPath: m_RootOrder
      value: 14
      objectReference: {fileID: 0}
    - target: {fileID: 4540645520869450242, guid: b390a6cb0c976fa488734330246a0b1c,
        type: 3}
      propertyPath: m_AnchorMax.x
      value: 0
      objectReference: {fileID: 0}
    - target: {fileID: 4540645520869450242, guid: b390a6cb0c976fa488734330246a0b1c,
        type: 3}
      propertyPath: m_AnchorMax.y
      value: 0
      objectReference: {fileID: 0}
    - target: {fileID: 4540645520869450242, guid: b390a6cb0c976fa488734330246a0b1c,
        type: 3}
      propertyPath: m_AnchorMin.x
      value: 0
      objectReference: {fileID: 0}
    - target: {fileID: 4540645520869450242, guid: b390a6cb0c976fa488734330246a0b1c,
        type: 3}
      propertyPath: m_AnchorMin.y
      value: 0
      objectReference: {fileID: 0}
    - target: {fileID: 4540645520869450242, guid: b390a6cb0c976fa488734330246a0b1c,
        type: 3}
      propertyPath: m_SizeDelta.x
      value: 0
      objectReference: {fileID: 0}
    - target: {fileID: 4540645520869450242, guid: b390a6cb0c976fa488734330246a0b1c,
        type: 3}
      propertyPath: m_SizeDelta.y
      value: 0
      objectReference: {fileID: 0}
    - target: {fileID: 4540645520869450242, guid: b390a6cb0c976fa488734330246a0b1c,
        type: 3}
      propertyPath: m_LocalPosition.x
      value: 0
      objectReference: {fileID: 0}
    - target: {fileID: 4540645520869450242, guid: b390a6cb0c976fa488734330246a0b1c,
        type: 3}
      propertyPath: m_LocalPosition.y
      value: 0
      objectReference: {fileID: 0}
    - target: {fileID: 4540645520869450242, guid: b390a6cb0c976fa488734330246a0b1c,
        type: 3}
      propertyPath: m_LocalPosition.z
      value: 0
      objectReference: {fileID: 0}
    - target: {fileID: 4540645520869450242, guid: b390a6cb0c976fa488734330246a0b1c,
        type: 3}
      propertyPath: m_LocalRotation.w
      value: 1
      objectReference: {fileID: 0}
    - target: {fileID: 4540645520869450242, guid: b390a6cb0c976fa488734330246a0b1c,
        type: 3}
      propertyPath: m_LocalRotation.x
      value: 0
      objectReference: {fileID: 0}
    - target: {fileID: 4540645520869450242, guid: b390a6cb0c976fa488734330246a0b1c,
        type: 3}
      propertyPath: m_LocalRotation.y
      value: 0
      objectReference: {fileID: 0}
    - target: {fileID: 4540645520869450242, guid: b390a6cb0c976fa488734330246a0b1c,
        type: 3}
      propertyPath: m_LocalRotation.z
      value: 0
      objectReference: {fileID: 0}
    - target: {fileID: 4540645520869450242, guid: b390a6cb0c976fa488734330246a0b1c,
        type: 3}
      propertyPath: m_AnchoredPosition.x
      value: 0
      objectReference: {fileID: 0}
    - target: {fileID: 4540645520869450242, guid: b390a6cb0c976fa488734330246a0b1c,
        type: 3}
      propertyPath: m_AnchoredPosition.y
      value: 0
      objectReference: {fileID: 0}
    - target: {fileID: 4540645520869450242, guid: b390a6cb0c976fa488734330246a0b1c,
        type: 3}
      propertyPath: m_LocalEulerAnglesHint.x
      value: 0
      objectReference: {fileID: 0}
    - target: {fileID: 4540645520869450242, guid: b390a6cb0c976fa488734330246a0b1c,
        type: 3}
      propertyPath: m_LocalEulerAnglesHint.y
      value: 0
      objectReference: {fileID: 0}
    - target: {fileID: 4540645520869450242, guid: b390a6cb0c976fa488734330246a0b1c,
        type: 3}
      propertyPath: m_LocalEulerAnglesHint.z
      value: 0
      objectReference: {fileID: 0}
    - target: {fileID: 4899617669144995757, guid: b390a6cb0c976fa488734330246a0b1c,
        type: 3}
      propertyPath: m_AdditionalShaderChannelsFlag
      value: 25
      objectReference: {fileID: 0}
    - target: {fileID: 6313472121800245521, guid: b390a6cb0c976fa488734330246a0b1c,
        type: 3}
      propertyPath: m_textAlignment
      value: 65535
      objectReference: {fileID: 0}
    - target: {fileID: 6313472121800245521, guid: b390a6cb0c976fa488734330246a0b1c,
        type: 3}
      propertyPath: m_TextStyleHashCode
      value: -1183493901
      objectReference: {fileID: 0}
    - target: {fileID: 6313472121800245521, guid: b390a6cb0c976fa488734330246a0b1c,
        type: 3}
      propertyPath: m_VerticalAlignment
      value: 512
      objectReference: {fileID: 0}
    - target: {fileID: 6313472121800245521, guid: b390a6cb0c976fa488734330246a0b1c,
        type: 3}
      propertyPath: m_textInfo.lineCount
      value: 1
      objectReference: {fileID: 0}
    - target: {fileID: 6313472121800245521, guid: b390a6cb0c976fa488734330246a0b1c,
        type: 3}
      propertyPath: m_textInfo.pageCount
      value: 1
      objectReference: {fileID: 0}
    - target: {fileID: 6313472121800245521, guid: b390a6cb0c976fa488734330246a0b1c,
        type: 3}
      propertyPath: m_textInfo.wordCount
      value: 1
      objectReference: {fileID: 0}
    - target: {fileID: 6313472121800245521, guid: b390a6cb0c976fa488734330246a0b1c,
        type: 3}
      propertyPath: m_HorizontalAlignment
      value: 2
      objectReference: {fileID: 0}
    - target: {fileID: 6313472121800245521, guid: b390a6cb0c976fa488734330246a0b1c,
        type: 3}
      propertyPath: m_textInfo.characterCount
      value: 8
      objectReference: {fileID: 0}
    - target: {fileID: 6562957380257689378, guid: b390a6cb0c976fa488734330246a0b1c,
        type: 3}
      propertyPath: m_Name
      value: EndGameScreen
      objectReference: {fileID: 0}
    - target: {fileID: 7515296244305164726, guid: b390a6cb0c976fa488734330246a0b1c,
        type: 3}
      propertyPath: m_textAlignment
      value: 65535
      objectReference: {fileID: 0}
    - target: {fileID: 7515296244305164726, guid: b390a6cb0c976fa488734330246a0b1c,
        type: 3}
      propertyPath: m_TextStyleHashCode
      value: -1183493901
      objectReference: {fileID: 0}
    - target: {fileID: 7515296244305164726, guid: b390a6cb0c976fa488734330246a0b1c,
        type: 3}
      propertyPath: m_VerticalAlignment
      value: 512
      objectReference: {fileID: 0}
    - target: {fileID: 7515296244305164726, guid: b390a6cb0c976fa488734330246a0b1c,
        type: 3}
      propertyPath: m_HorizontalAlignment
      value: 2
      objectReference: {fileID: 0}
    m_RemovedComponents: []
    m_RemovedGameObjects: []
    m_AddedGameObjects: []
    m_AddedComponents: []
  m_SourcePrefab: {fileID: 100100000, guid: b390a6cb0c976fa488734330246a0b1c, type: 3}
--- !u!224 &1127966202798735178 stripped
RectTransform:
  m_CorrespondingSourceObject: {fileID: 4540645520869450242, guid: b390a6cb0c976fa488734330246a0b1c,
    type: 3}
  m_PrefabInstance: {fileID: 3505148795859148104}
  m_PrefabAsset: {fileID: 0}
--- !u!1001 &4251218731182476592
PrefabInstance:
  m_ObjectHideFlags: 0
  serializedVersion: 2
  m_Modification:
    serializedVersion: 3
    m_TransformParent: {fileID: 8996089887438247751}
    m_Modifications:
    - target: {fileID: 1717578204460062934, guid: 00a5eecc102bd668a8ac6bd2cdc0708e,
        type: 3}
      propertyPath: m_AnchoredPosition.y
      value: 3.6999512
      objectReference: {fileID: 0}
    - target: {fileID: 7575942104774641295, guid: 00a5eecc102bd668a8ac6bd2cdc0708e,
        type: 3}
      propertyPath: m_AnchoredPosition.y
      value: -11.676025
      objectReference: {fileID: 0}
    - target: {fileID: 8237243722513628250, guid: 00a5eecc102bd668a8ac6bd2cdc0708e,
        type: 3}
      propertyPath: m_Pivot.x
      value: 0
      objectReference: {fileID: 0}
    - target: {fileID: 8237243722513628250, guid: 00a5eecc102bd668a8ac6bd2cdc0708e,
        type: 3}
      propertyPath: m_Pivot.y
      value: 0
      objectReference: {fileID: 0}
    - target: {fileID: 8237243722513628250, guid: 00a5eecc102bd668a8ac6bd2cdc0708e,
        type: 3}
      propertyPath: m_RootOrder
      value: 8
      objectReference: {fileID: 0}
    - target: {fileID: 8237243722513628250, guid: 00a5eecc102bd668a8ac6bd2cdc0708e,
        type: 3}
      propertyPath: m_AnchorMax.x
      value: 0
      objectReference: {fileID: 0}
    - target: {fileID: 8237243722513628250, guid: 00a5eecc102bd668a8ac6bd2cdc0708e,
        type: 3}
      propertyPath: m_AnchorMax.y
      value: 0
      objectReference: {fileID: 0}
    - target: {fileID: 8237243722513628250, guid: 00a5eecc102bd668a8ac6bd2cdc0708e,
        type: 3}
      propertyPath: m_AnchorMin.x
      value: 0
      objectReference: {fileID: 0}
    - target: {fileID: 8237243722513628250, guid: 00a5eecc102bd668a8ac6bd2cdc0708e,
        type: 3}
      propertyPath: m_AnchorMin.y
      value: 0
      objectReference: {fileID: 0}
    - target: {fileID: 8237243722513628250, guid: 00a5eecc102bd668a8ac6bd2cdc0708e,
        type: 3}
      propertyPath: m_SizeDelta.x
      value: 0
      objectReference: {fileID: 0}
    - target: {fileID: 8237243722513628250, guid: 00a5eecc102bd668a8ac6bd2cdc0708e,
        type: 3}
      propertyPath: m_SizeDelta.y
      value: 0
      objectReference: {fileID: 0}
    - target: {fileID: 8237243722513628250, guid: 00a5eecc102bd668a8ac6bd2cdc0708e,
        type: 3}
      propertyPath: m_LocalPosition.x
      value: 0
      objectReference: {fileID: 0}
    - target: {fileID: 8237243722513628250, guid: 00a5eecc102bd668a8ac6bd2cdc0708e,
        type: 3}
      propertyPath: m_LocalPosition.y
      value: 0
      objectReference: {fileID: 0}
    - target: {fileID: 8237243722513628250, guid: 00a5eecc102bd668a8ac6bd2cdc0708e,
        type: 3}
      propertyPath: m_LocalPosition.z
      value: 0
      objectReference: {fileID: 0}
    - target: {fileID: 8237243722513628250, guid: 00a5eecc102bd668a8ac6bd2cdc0708e,
        type: 3}
      propertyPath: m_LocalRotation.w
      value: 1
      objectReference: {fileID: 0}
    - target: {fileID: 8237243722513628250, guid: 00a5eecc102bd668a8ac6bd2cdc0708e,
        type: 3}
      propertyPath: m_LocalRotation.x
      value: 0
      objectReference: {fileID: 0}
    - target: {fileID: 8237243722513628250, guid: 00a5eecc102bd668a8ac6bd2cdc0708e,
        type: 3}
      propertyPath: m_LocalRotation.y
      value: 0
      objectReference: {fileID: 0}
    - target: {fileID: 8237243722513628250, guid: 00a5eecc102bd668a8ac6bd2cdc0708e,
        type: 3}
      propertyPath: m_LocalRotation.z
      value: 0
      objectReference: {fileID: 0}
    - target: {fileID: 8237243722513628250, guid: 00a5eecc102bd668a8ac6bd2cdc0708e,
        type: 3}
      propertyPath: m_AnchoredPosition.x
      value: 0
      objectReference: {fileID: 0}
    - target: {fileID: 8237243722513628250, guid: 00a5eecc102bd668a8ac6bd2cdc0708e,
        type: 3}
      propertyPath: m_AnchoredPosition.y
      value: 0
      objectReference: {fileID: 0}
    - target: {fileID: 8237243722513628250, guid: 00a5eecc102bd668a8ac6bd2cdc0708e,
        type: 3}
      propertyPath: m_LocalEulerAnglesHint.x
      value: 0
      objectReference: {fileID: 0}
    - target: {fileID: 8237243722513628250, guid: 00a5eecc102bd668a8ac6bd2cdc0708e,
        type: 3}
      propertyPath: m_LocalEulerAnglesHint.y
      value: 0
      objectReference: {fileID: 0}
    - target: {fileID: 8237243722513628250, guid: 00a5eecc102bd668a8ac6bd2cdc0708e,
        type: 3}
      propertyPath: m_LocalEulerAnglesHint.z
      value: 0
      objectReference: {fileID: 0}
    - target: {fileID: 8237243722513628254, guid: 00a5eecc102bd668a8ac6bd2cdc0708e,
        type: 3}
      propertyPath: m_Name
      value: HUD
      objectReference: {fileID: 0}
    m_RemovedComponents: []
    m_RemovedGameObjects: []
    m_AddedGameObjects: []
    m_AddedComponents: []
  m_SourcePrefab: {fileID: 100100000, guid: 00a5eecc102bd668a8ac6bd2cdc0708e, type: 3}
--- !u!224 &5237630758182711658 stripped
RectTransform:
  m_CorrespondingSourceObject: {fileID: 8237243722513628250, guid: 00a5eecc102bd668a8ac6bd2cdc0708e,
    type: 3}
  m_PrefabInstance: {fileID: 4251218731182476592}
  m_PrefabAsset: {fileID: 0}
--- !u!1001 &4399423344603639104
PrefabInstance:
  m_ObjectHideFlags: 0
  serializedVersion: 2
  m_Modification:
    serializedVersion: 3
    m_TransformParent: {fileID: 8996089887438247751}
    m_Modifications:
    - target: {fileID: 4301985263760647929, guid: 70cc8ffa42063bd89aab791bfeb6757d,
        type: 3}
      propertyPath: m_RootOrder
      value: 4
      objectReference: {fileID: 0}
    - target: {fileID: 4301985263760647929, guid: 70cc8ffa42063bd89aab791bfeb6757d,
        type: 3}
      propertyPath: m_LocalPosition.x
      value: 0
      objectReference: {fileID: 0}
    - target: {fileID: 4301985263760647929, guid: 70cc8ffa42063bd89aab791bfeb6757d,
        type: 3}
      propertyPath: m_LocalPosition.y
      value: 0
      objectReference: {fileID: 0}
    - target: {fileID: 4301985263760647929, guid: 70cc8ffa42063bd89aab791bfeb6757d,
        type: 3}
      propertyPath: m_LocalPosition.z
      value: 0
      objectReference: {fileID: 0}
    - target: {fileID: 4301985263760647929, guid: 70cc8ffa42063bd89aab791bfeb6757d,
        type: 3}
      propertyPath: m_LocalRotation.w
      value: 1
      objectReference: {fileID: 0}
    - target: {fileID: 4301985263760647929, guid: 70cc8ffa42063bd89aab791bfeb6757d,
        type: 3}
      propertyPath: m_LocalRotation.x
      value: 0
      objectReference: {fileID: 0}
    - target: {fileID: 4301985263760647929, guid: 70cc8ffa42063bd89aab791bfeb6757d,
        type: 3}
      propertyPath: m_LocalRotation.y
      value: 0
      objectReference: {fileID: 0}
    - target: {fileID: 4301985263760647929, guid: 70cc8ffa42063bd89aab791bfeb6757d,
        type: 3}
      propertyPath: m_LocalRotation.z
      value: 0
      objectReference: {fileID: 0}
    - target: {fileID: 4301985263760647929, guid: 70cc8ffa42063bd89aab791bfeb6757d,
        type: 3}
      propertyPath: m_LocalEulerAnglesHint.x
      value: 0
      objectReference: {fileID: 0}
    - target: {fileID: 4301985263760647929, guid: 70cc8ffa42063bd89aab791bfeb6757d,
        type: 3}
      propertyPath: m_LocalEulerAnglesHint.y
      value: 0
      objectReference: {fileID: 0}
    - target: {fileID: 4301985263760647929, guid: 70cc8ffa42063bd89aab791bfeb6757d,
        type: 3}
      propertyPath: m_LocalEulerAnglesHint.z
      value: 0
      objectReference: {fileID: 0}
    - target: {fileID: 6207345015445213456, guid: 70cc8ffa42063bd89aab791bfeb6757d,
        type: 3}
      propertyPath: m_Name
      value: BuildGrid
      objectReference: {fileID: 0}
    m_RemovedComponents: []
    m_RemovedGameObjects: []
    m_AddedGameObjects: []
    m_AddedComponents: []
  m_SourcePrefab: {fileID: 100100000, guid: 70cc8ffa42063bd89aab791bfeb6757d, type: 3}
--- !u!4 &485928016950725561 stripped
Transform:
  m_CorrespondingSourceObject: {fileID: 4301985263760647929, guid: 70cc8ffa42063bd89aab791bfeb6757d,
    type: 3}
  m_PrefabInstance: {fileID: 4399423344603639104}
  m_PrefabAsset: {fileID: 0}
--- !u!1001 &5143439858007636520
PrefabInstance:
  m_ObjectHideFlags: 0
  serializedVersion: 2
  m_Modification:
    serializedVersion: 3
    m_TransformParent: {fileID: 8996089887438247751}
    m_Modifications:
    - target: {fileID: 663059823702099784, guid: b1a8e4ef2e108e83bb7080abb88bdc24,
        type: 3}
      propertyPath: m_RootOrder
      value: 9
      objectReference: {fileID: 0}
    - target: {fileID: 663059823702099784, guid: b1a8e4ef2e108e83bb7080abb88bdc24,
        type: 3}
      propertyPath: m_LocalPosition.x
      value: 0
      objectReference: {fileID: 0}
    - target: {fileID: 663059823702099784, guid: b1a8e4ef2e108e83bb7080abb88bdc24,
        type: 3}
      propertyPath: m_LocalPosition.y
      value: 0
      objectReference: {fileID: 0}
    - target: {fileID: 663059823702099784, guid: b1a8e4ef2e108e83bb7080abb88bdc24,
        type: 3}
      propertyPath: m_LocalPosition.z
      value: 0
      objectReference: {fileID: 0}
    - target: {fileID: 663059823702099784, guid: b1a8e4ef2e108e83bb7080abb88bdc24,
        type: 3}
      propertyPath: m_LocalRotation.w
      value: 1
      objectReference: {fileID: 0}
    - target: {fileID: 663059823702099784, guid: b1a8e4ef2e108e83bb7080abb88bdc24,
        type: 3}
      propertyPath: m_LocalRotation.x
      value: -0
      objectReference: {fileID: 0}
    - target: {fileID: 663059823702099784, guid: b1a8e4ef2e108e83bb7080abb88bdc24,
        type: 3}
      propertyPath: m_LocalRotation.y
      value: -0
      objectReference: {fileID: 0}
    - target: {fileID: 663059823702099784, guid: b1a8e4ef2e108e83bb7080abb88bdc24,
        type: 3}
      propertyPath: m_LocalRotation.z
      value: -0
      objectReference: {fileID: 0}
    - target: {fileID: 663059823702099784, guid: b1a8e4ef2e108e83bb7080abb88bdc24,
        type: 3}
      propertyPath: m_LocalEulerAnglesHint.x
      value: 0
      objectReference: {fileID: 0}
    - target: {fileID: 663059823702099784, guid: b1a8e4ef2e108e83bb7080abb88bdc24,
        type: 3}
      propertyPath: m_LocalEulerAnglesHint.y
      value: 0
      objectReference: {fileID: 0}
    - target: {fileID: 663059823702099784, guid: b1a8e4ef2e108e83bb7080abb88bdc24,
        type: 3}
      propertyPath: m_LocalEulerAnglesHint.z
      value: 0
      objectReference: {fileID: 0}
    - target: {fileID: 1591736847160458665, guid: b1a8e4ef2e108e83bb7080abb88bdc24,
        type: 3}
      propertyPath: canvas
      value: 
      objectReference: {fileID: 1520924139587811148}
    - target: {fileID: 1591736847160458665, guid: b1a8e4ef2e108e83bb7080abb88bdc24,
        type: 3}
      propertyPath: canvasTranform
      value: 
      objectReference: {fileID: 4809941133560855247}
    - target: {fileID: 1591736847160458665, guid: b1a8e4ef2e108e83bb7080abb88bdc24,
        type: 3}
      propertyPath: cursorTransform
      value: 
      objectReference: {fileID: 5512002798699900359}
    - target: {fileID: 1591736847160458665, guid: b1a8e4ef2e108e83bb7080abb88bdc24,
        type: 3}
      propertyPath: cursorController
      value: 
      objectReference: {fileID: 0}
    - target: {fileID: 4038438139281950258, guid: b1a8e4ef2e108e83bb7080abb88bdc24,
        type: 3}
      propertyPath: m_Camera
      value: 
      objectReference: {fileID: 2110396586920690469}
    - target: {fileID: 4038438139281950258, guid: b1a8e4ef2e108e83bb7080abb88bdc24,
        type: 3}
      propertyPath: m_DefaultActionMap
      value: BuildMenuInputs
      objectReference: {fileID: 0}
    - target: {fileID: 4038438139281950258, guid: b1a8e4ef2e108e83bb7080abb88bdc24,
        type: 3}
      propertyPath: m_DefaultControlScheme
      value: KeyboardAndMouse
      objectReference: {fileID: 0}
    - target: {fileID: 4513076641286421368, guid: b1a8e4ef2e108e83bb7080abb88bdc24,
        type: 3}
      propertyPath: m_Name
      value: LocalPlayer
      objectReference: {fileID: 0}
    - target: {fileID: 5942020181388976126, guid: b1a8e4ef2e108e83bb7080abb88bdc24,
        type: 3}
      propertyPath: count
      value: 1000
      objectReference: {fileID: 0}
    - target: {fileID: 8576927236162109794, guid: b1a8e4ef2e108e83bb7080abb88bdc24,
        type: 3}
      propertyPath: virtualCamera
      value: 
      objectReference: {fileID: 5217247729308175143}
    m_RemovedComponents: []
    m_RemovedGameObjects: []
    m_AddedGameObjects: []
    m_AddedComponents: []
  m_SourcePrefab: {fileID: 100100000, guid: b1a8e4ef2e108e83bb7080abb88bdc24, type: 3}
--- !u!4 &5643716396538510688 stripped
Transform:
  m_CorrespondingSourceObject: {fileID: 663059823702099784, guid: b1a8e4ef2e108e83bb7080abb88bdc24,
    type: 3}
  m_PrefabInstance: {fileID: 5143439858007636520}
  m_PrefabAsset: {fileID: 0}
--- !u!1 &8773152843883086160 stripped
GameObject:
  m_CorrespondingSourceObject: {fileID: 4513076641286421368, guid: b1a8e4ef2e108e83bb7080abb88bdc24,
    type: 3}
  m_PrefabInstance: {fileID: 5143439858007636520}
  m_PrefabAsset: {fileID: 0}
--- !u!114 &9181222653462789146 stripped
MonoBehaviour:
  m_CorrespondingSourceObject: {fileID: 4038438139281950258, guid: b1a8e4ef2e108e83bb7080abb88bdc24,
    type: 3}
  m_PrefabInstance: {fileID: 5143439858007636520}
  m_PrefabAsset: {fileID: 0}
  m_GameObject: {fileID: 8773152843883086160}
  m_Enabled: 1
  m_EditorHideFlags: 0
  m_Script: {fileID: 11500000, guid: 62899f850307741f2a39c98a8b639597, type: 3}
  m_Name: 
  m_EditorClassIdentifier: 
--- !u!1001 &8018856411050976215
PrefabInstance:
  m_ObjectHideFlags: 0
  serializedVersion: 2
  m_Modification:
    serializedVersion: 3
    m_TransformParent: {fileID: 8996089887438247751}
    m_Modifications:
    - target: {fileID: 537365391749893301, guid: 5f8f49066aaa11c87931ffcff5a843bf,
        type: 3}
      propertyPath: m_Name
      value: CursorCanvas
      objectReference: {fileID: 0}
    - target: {fileID: 1307801615574241297, guid: 5f8f49066aaa11c87931ffcff5a843bf,
        type: 3}
      propertyPath: playerInput
      value: 
      objectReference: {fileID: 9181222653462789146}
    - target: {fileID: 3281123642609604888, guid: 5f8f49066aaa11c87931ffcff5a843bf,
        type: 3}
      propertyPath: m_Pivot.x
      value: 0
      objectReference: {fileID: 0}
    - target: {fileID: 3281123642609604888, guid: 5f8f49066aaa11c87931ffcff5a843bf,
        type: 3}
      propertyPath: m_Pivot.y
      value: 0
      objectReference: {fileID: 0}
    - target: {fileID: 3281123642609604888, guid: 5f8f49066aaa11c87931ffcff5a843bf,
        type: 3}
      propertyPath: m_RootOrder
      value: 16
      objectReference: {fileID: 0}
    - target: {fileID: 3281123642609604888, guid: 5f8f49066aaa11c87931ffcff5a843bf,
        type: 3}
      propertyPath: m_AnchorMax.x
      value: 0
      objectReference: {fileID: 0}
    - target: {fileID: 3281123642609604888, guid: 5f8f49066aaa11c87931ffcff5a843bf,
        type: 3}
      propertyPath: m_AnchorMax.y
      value: 0
      objectReference: {fileID: 0}
    - target: {fileID: 3281123642609604888, guid: 5f8f49066aaa11c87931ffcff5a843bf,
        type: 3}
      propertyPath: m_AnchorMin.x
      value: 0
      objectReference: {fileID: 0}
    - target: {fileID: 3281123642609604888, guid: 5f8f49066aaa11c87931ffcff5a843bf,
        type: 3}
      propertyPath: m_AnchorMin.y
      value: 0
      objectReference: {fileID: 0}
    - target: {fileID: 3281123642609604888, guid: 5f8f49066aaa11c87931ffcff5a843bf,
        type: 3}
      propertyPath: m_SizeDelta.x
      value: 0
      objectReference: {fileID: 0}
    - target: {fileID: 3281123642609604888, guid: 5f8f49066aaa11c87931ffcff5a843bf,
        type: 3}
      propertyPath: m_SizeDelta.y
      value: 0
      objectReference: {fileID: 0}
    - target: {fileID: 3281123642609604888, guid: 5f8f49066aaa11c87931ffcff5a843bf,
        type: 3}
      propertyPath: m_LocalPosition.x
      value: 0
      objectReference: {fileID: 0}
    - target: {fileID: 3281123642609604888, guid: 5f8f49066aaa11c87931ffcff5a843bf,
        type: 3}
      propertyPath: m_LocalPosition.y
      value: 0
      objectReference: {fileID: 0}
    - target: {fileID: 3281123642609604888, guid: 5f8f49066aaa11c87931ffcff5a843bf,
        type: 3}
      propertyPath: m_LocalPosition.z
      value: 0
      objectReference: {fileID: 0}
    - target: {fileID: 3281123642609604888, guid: 5f8f49066aaa11c87931ffcff5a843bf,
        type: 3}
      propertyPath: m_LocalRotation.w
      value: 1
      objectReference: {fileID: 0}
    - target: {fileID: 3281123642609604888, guid: 5f8f49066aaa11c87931ffcff5a843bf,
        type: 3}
      propertyPath: m_LocalRotation.x
      value: 0
      objectReference: {fileID: 0}
    - target: {fileID: 3281123642609604888, guid: 5f8f49066aaa11c87931ffcff5a843bf,
        type: 3}
      propertyPath: m_LocalRotation.y
      value: 0
      objectReference: {fileID: 0}
    - target: {fileID: 3281123642609604888, guid: 5f8f49066aaa11c87931ffcff5a843bf,
        type: 3}
      propertyPath: m_LocalRotation.z
      value: 0
      objectReference: {fileID: 0}
    - target: {fileID: 3281123642609604888, guid: 5f8f49066aaa11c87931ffcff5a843bf,
        type: 3}
      propertyPath: m_AnchoredPosition.x
      value: 0
      objectReference: {fileID: 0}
    - target: {fileID: 3281123642609604888, guid: 5f8f49066aaa11c87931ffcff5a843bf,
        type: 3}
      propertyPath: m_AnchoredPosition.y
      value: 0
      objectReference: {fileID: 0}
    - target: {fileID: 3281123642609604888, guid: 5f8f49066aaa11c87931ffcff5a843bf,
        type: 3}
      propertyPath: m_LocalEulerAnglesHint.x
      value: 0
      objectReference: {fileID: 0}
    - target: {fileID: 3281123642609604888, guid: 5f8f49066aaa11c87931ffcff5a843bf,
        type: 3}
      propertyPath: m_LocalEulerAnglesHint.y
      value: 0
      objectReference: {fileID: 0}
    - target: {fileID: 3281123642609604888, guid: 5f8f49066aaa11c87931ffcff5a843bf,
        type: 3}
      propertyPath: m_LocalEulerAnglesHint.z
      value: 0
      objectReference: {fileID: 0}
    m_RemovedComponents: []
    m_RemovedGameObjects: []
    m_AddedGameObjects: []
    m_AddedComponents: []
  m_SourcePrefab: {fileID: 100100000, guid: 5f8f49066aaa11c87931ffcff5a843bf, type: 3}
--- !u!223 &1520924139587811148 stripped
Canvas:
  m_CorrespondingSourceObject: {fileID: 8814629799671370907, guid: 5f8f49066aaa11c87931ffcff5a843bf,
    type: 3}
  m_PrefabInstance: {fileID: 8018856411050976215}
  m_PrefabAsset: {fileID: 0}
--- !u!224 &4809941133560855247 stripped
RectTransform:
  m_CorrespondingSourceObject: {fileID: 3281123642609604888, guid: 5f8f49066aaa11c87931ffcff5a843bf,
    type: 3}
  m_PrefabInstance: {fileID: 8018856411050976215}
  m_PrefabAsset: {fileID: 0}
--- !u!224 &5512002798699900359 stripped
RectTransform:
  m_CorrespondingSourceObject: {fileID: 2537253085407464976, guid: 5f8f49066aaa11c87931ffcff5a843bf,
    type: 3}
  m_PrefabInstance: {fileID: 8018856411050976215}
  m_PrefabAsset: {fileID: 0}
